2782 4792
186 201 270 330 'oso
428 209 438 220 ”
490 251 733 322 onsmvnr.
748 251 1001 348 ¹rucrurruui.

122 489 128 502 ,
152 471 164 498 ,
193 419 325 488 indicito
339 419 425 484 vocir
439 419 529 482 huius
540 419 614 484 hoec
626 417 756 488 secunde
769 417 865 480 notio.
891 435 962 480 nrm
974 412 1099 498 ἓξᾶννης
1110 437 1150 479 ex
1162 415 1197 478 vi
1210 416 1307 498 etyrni

126 538 128 542 ·
196 508 321 592 proprie
339 515 430 566 sonet*
441 527 507 566 eum
522 506 577 584 qui
598 504 735 585 exegravi
754 525 834 566 noxe
851 503 1018 585 primulum
1031 521 1181 582 emergere
1195 504 1307 584 incipit

198 605 230 672 et
244 593 300 670 ἔξω
319 587 394 672 ἄτης
408 611 488 672 cose.
520 593 623 670 itique
636 600 739 652 votum
752 600 797 652 eet
815 589 898 652 febre
908 589 1072 652 laborantis
1086 599 1117 648 et
1127 588 1234 649 morbo
1252 607 1307 668 pe-

196 677 358 740 riclitantis
376 676 508 752 sontico,
529 677 585 738 illo
608 696 699 736 versu
716 695 891 756 expressum
910 694 999 754 quem
1020 674 1129 734 recitet
1143 673 1306 754 Etymclc-

197 763 255 844 gici
268 771 383 838 ructor,
406 753 506 824 ciZeri
517 761 661 843 γενέσθαι
678 759 770 842 τῆσδέ
789 755 824 842 μ’
842 754 969 840 ἒξᾶντην
986 753 1091 823 νόσον.
1125 757 1169 818 do
1185 758 1306 838 Iupiter

197 845 380 922 evaderetur
389 845 566 926 piriculum
580 846 678 924 Iouini
690 845 798 912 morbi.
825 846 883 906 iem
901 865 993 926 porro
1008 864 1098 906 canuc
1109 864 1172 905 esse
1183 844 1305 920 dicitur,

198 933 285 994 cuius
299 931 456 992 remittens
477 941 529 992 cut
550 932 669 1012 penitus
683 951 801 992 cessone
814 930 905 992 febris
921 950 1005 1011 spem
1025 931 1175 990 rediturae
1189 931 1306 990 valetu-

190 1017 277 1079 'dinir
293 1017 440 1095 relinquit
453 1017 610 1096 integrum.
651 1016 739 1078 cuius
751 1017 796 1078 rei
807 1017 878 1096 quin
893 1035 1016 1078 somnus
1029 1016 1063 1076 in
1078 1025 1164 1075 acute
1178 1015 1307 1080 febrien-

196 1104 278 1163 tibus
289 1103 442 1162 interdum
456 1104 573 1181 siguum
587 1112 640 1176 cet,
663 1101 801 1184 discipuli
816 1101 948 1164 dormire
961 1101 1148 1178 languentem
1162 1102 1308 1160 unarum

197 1211 216 1248 n
235 1187 353 1248 Christo
368 1187 523 1248 audientes
537 1189 623 1248 aiunt
638 1188 722 1251 loun.
743 1193 781 1254 11
803 1193 857 1254 12:
877 1181 973 1270 etipse,
997 1187 1025 1248 ei
1038 1187 1223 1267 κεκοίμηται,
1247 1205 1308 1248 oc-

197 1268 338 1354 θήσεται.
382 1271 510 1347 domine,
526 1277 556 1331 si
570 1271 694 1350 dormit,
709 1273 817 1338 salvus
830 1274 898 1337 erit.
929 1291 1010 1350 ergo
1026 1292 1106 1344 cunr,
1129 1291 1218 1350 quern
1232 1271 1309 1351 liip-

198 1369 341 1439 pocretes
357 1351 485 1436 ἔξᾶνιην
498 1358 581 1434 dicit,
604 1359 735 1418 Galenus
748 1355 823 1440 ὑγιῆ
832 1379 945 1418 sunum
954 1357 1187 1438 interpretetur,
1203 1356 1249 1416 sic
1260 1356 1309 1414 in·-

199 1442 393 1522 telligendum
407 1443 551 1524 putarim,
572 1452 611 1504 ut
622 1443 700 1502 malo
714 1443 890 1504 defunctum
903 1452 934 1502 et
947 1442 1030 1512 iebre
1043 1461 1154 1522 purum
1168 1441 1246 1502 velit
1260 1441 1309 1501 di.—

198 1547 282 1596 cerer
304 1548 374 1588 narn
389 1536 421 1587 et
436 1525 470 1588 hi
484 1529 628 1594 dicuntur
640 1526 801 1610 ὑγιαίνειν,
822 1529 893 1589 licet
907 1529 946 1588 cd
958 1528 1080 1609 plenum
1091 1527 1188 1590 robur
1203 1526 1309 1606 integri

198 1612 311 1693 vigoris
324 1612 460 1672 nondum
477 1612 646 1674 conlirmrti
660 1614 736 1690 sint,
757 1613 811 1674 red
823 1613 923 1675 adhuc
935 1613 1116 1674 debilitatem
1133 1613 1310 1676 imminute:-

198 1718 271 1762 rum
285 1697 391 1758 morbo
403 1698 514 1758 virium
530 1699 684 1770 sentiunt„
711 1719 747 1758 cc
767 1701 846 1772 sorte
864 1719 948 1760 inore
968 1720 1023 1760 suo
1042 1697 1185 1778 Hesychii
1200 1698 1311 1777 glonna
1339 1729 1344 1738 ·

199 1784 234 1843 in
249 1783 348 1843 enimc
361 1782 500 1844 habuerit
512 1783 710 1865 Pechymeres
723 1783 799 1844 haec
811 1785 953 1866 scribens,
971 1784 1024 1846 ubi
1038 1785 1164 1863 legeret:
1185 1780 1312 1864 ἐξάντης

199 1866 291 1948 ὁτῆς
311 1863 406 1932 νόσον
428 1867 483 1945 ἔξω
502 1865 558 1934 oio.
599 1870 652 1948 qui
667 1878 797 1931 entcme
814 1871 920 1932 morbo
936 1889 1040 1930 recens
1053 1869 1186 1948 emergit,
1208 1867 1312 1928 debilis

200 1953 342 2030 ¹videlicet
357 1953 569 2034 imbecillisque
589 1953 690 2016 adhuc
709 1965 770 2032 cet,
792 1957 893 2036 quales
908 1965 975 2026 ium
986 1955 1085 2017 videri
1098 1963 1240 2035 poterent
1253 1955 1313 2014 Το-

201 2037 364 2108 charorum
376 2039 510 2120 Bulgcris
527 2041 724 2102 finitimorum
738 2050 955 2122 opes,.utpote
973 2037 1024 2120 qui
1045 2040 1134 2120 poulo
1150 2049 1222 2103 mte
1234 2039 1314 2100 bello

199 2123 287 2202 inter
305 2145 336 2184 se
352 2125 448 2202 civili,
471 2124 596 2187 ducibus
612 2124 686 2186 hinc
698 2128 806 2186 Tucts'i
823 2127 895 2188 iude
911 2127 1008 2206 Noge,
1030 2125 1070 2184 cd
1080 2125 1314 2186 internecionem

199 2229 297 2290 usque
311 2211 526 2287 conflixerant,
546 2222 649 2272 secuta
659 2211 732 2271 inde
750 2213 916 2273 miserrimc
929 2211 1221 2274 deroletiouetotinr
1231 2211 1315 2292 ipro·

199 2314 271 2358 rum
288 2296 433 2374 regionis,
453 2306 484 2356 et
503 2298 605 2378 paucis
624 2295 788 2358 admodum
805 2299 940 2378 ipsorum
955 2299 1081 2358 'l'zecem
1099 2297 1263 2376 fugientem
1282 2296 1314 2356 in

200 2379 369 2458 Bulgsriem
380 2379 500 2455 secutis,
508 2400 605 2462 nuper
614 2382 675 2446 illic
686 2384 832 2463 oppressit
841 2383 1030 2464 praevalente
1037 2381 1315 2462 Orphentistlrlnbo.

202 2484 299 2524 unum
312 2474 446 2546 superest
461 2465 603 2542 dubium,
626 2487 681 2527 cur
697 2469 894 2548 Pechymeres
915 2468 1092 2530 insecundo
1107 2487 1179 2528 cetu
1190 2463 1316 2547 ἒξᾶνιης

202 2548 332 2626 scribat:
355 2569 424 2631 nem
440 2551 473 2610 in
488 2551 584 2631 primo
598 2553 693 2633 accipi
712 2574 774 2614 non
788 2563 903 2636 potest,
925 2574 994 2614 cum
1006 2553 1192 2614 tribusmox
1205 2553 1316 2614 adiun-

201 2634 261 2694 ctis
286 2635 433 2695 femininis
458 2637 596 2714 genitivis
623 2647 781 2719 coaptetur
805 2641 954 2719 φανείσης
973 2641 1140 2720 Τοχαριιιῆὲ
1168 2637 1317 2714 ἐξουσίας.

202 2739 242 2780 an
256 2738 342 2780 error
355 2719 406 2779 hic
418 2723 620 2800 agnoscendus
636 2732 671 2786 et
680 2719 824 2802 ἔξᾶντους
838 2724 1078 2799 rescribendum,
1099 2731 1207 2784 contro
1226 2723 1317 2784 iidem

95 2832 117 2886 p
134 2837 186 2896 473
203 2805 342 2884 codicum
359 2804 542 2887 optimorum
557 2808 626 2868 Bet
641 2809 689 2870 Ar
710 2830 781 2869 nem
800 2811 962 2870 Vaticanus
982 2807 1041 2870 hcc
1057 2809 1094 2868 de
1109 2828 1195 2870 more
1211 2809 1317 2869 crnirit.

203 2911 243 2978 ep
257 2891 359 2972 potius
379 2893 628 2970 existimandum,
651 2915 667 2954 e
687 2895 874 2957 nominativo
888 2895 1030 2955 feminino
1053 2890 1161 2974 ἐξάντη
1185 2895 1318 2974 petrium

202 2975 287 3037 hunc
298 2995 400 3036 cusum
413 2998 431 3036 a
442 2989 547 3039 nostro
561 2979 653 3042 ducii
674 2981 757 3060 quod
770 3000 877 3054 vereor
889 2990 925 3042 ut
937 2981 1070 3061 analogia
1081 2989 1112 3040 et
1123 2989 1208 3040 rectu
1221 3001 1318 3061 grem·

204 3063 331 3122 mancae
346 3062 425 3122 ratio
440 3065 608 3142 permittat.
810 3109 815 3122 .
862 3113 864 3118 .
968 3109 971 3120 -,
1104 3103 1108 3120 -,
1159 3097 1163 3102 -
1199 3121 1201 3126 .

289 3143 578 3230 inscribimur).
593 3155 634 3218 66
648 3171 680 3216 v.
697 3151 728 3216 5.
771 3149 832 3232 egit
849 3150 887 3210 de
904 3150 1053 3211 Nicandro
1068 3150 1224 3210 Lirinenc
1246 3149 1318 3210 irti-

205 3231 298 3293 dente
311 3231 518 3306 Andronicum
533 3235 602 3296 olim
623 3237 794 3316 episcopum
807 3235 992 3311 Sordonum,
1010 3245 1114 3315 portes
1126 3233 1319 3310 montolium,

205 3317 259 3377 'sed
273 3336 328 3398 per
343 3317 535 3380 ambitionem
550 3339 566 3378 c
580 3321 642 3382 viia
657 3321 819 3381 monastica
833 3342 988 3383 reversum
1002 3322 1041 3381 ud
1056 3320 1228 3400 dignitatem
1249 3321 1319 3398 qui-

205 3403 262 3463 bus
278 3402 376 3463 subita
390 3405 583 3466 conversione
600 3406 690 3466 sortis
706 3407 826 3482 eiectus,
847 3408 949 3467 multis
965 3427 1039 3486 quos
1053 3407 1227 3467 irritaverat
1239 3405 1321 3465 ludi-

94 3563 96 3570 Α
205 3487 307 3548 brium
321 3487 442 3566 debuit,
462 3491 495 3549 in
509 3491 612 3571 primis
626 3491 778 3552 Nicandro
793 3491 843 3552 isti
857 3493 919 3553 eius
935 3511 1024 3572 opera
1039 3491 1213 3572 episcopatu
1225 3491 1321 3572 pulso.

205 3575 260 3654 qui
275 3583 310 3636 ut
319 3574 493 3636 Andronico
513 3577 710 3657 exprobraret
725 3577 909 3638 ambitiosum
924 3579 1110 3658 eruptionem
1125 3597 1142 3636 e
1157 3586 1239 3636 stetu
1254 3597 1322 3635 mo-

207 3659 341 3736 naetico,
362 3659 612 3734 monachicumei
630 3658 809 3744 ὄπιτύμβιον
827 3664 945 3738 iniecit,
967 3666 1029 3743 ipso
1047 3663 1148 3722 stetim
1161 3663 1322 3722 reiiciente.

207 3763 272 3802 non
288 3746 404 3826 reperio
419 3746 489 3806 olibi
503 3747 583 3806 huno
598 3767 718 3823 vocem,
741 3749 793 3808 scd
813 3750 966 3808 manifeste
987 3751 1074 3807 dccet
1091 3747 1142 3806 hic
1163 3749 1226 3828 ipre
1240 3746 1324 3806 locus

208 3829 314 3908 cepitis
329 3837 446 3910 tegmen
461 3831 675 3894 monachorum
690 3834 846 3913 proprium
862 3835 904 3893 eie
917 3833 1050 3910 dicturn5
1070 3831 1152 3893 undc
1171 3843 1203 3892 et
1218 3832 1325 3892 cucul-

102 3971 108 3979 ,
208 3912 273 3974 lum
287 3915 393 3974 Latine
410 3916 545 3994 reddidi,
567 3927 597 3977 et
611 3939 682 3978 mox
698 3919 729 3977 iu
742 3919 920 3998 repetitione
935 3920 976 3980 rei
993 3920 1123 3988 eiusdem
1144 3917 1326 3978 ecclesiasti·

208 3999 251 4058 cis
273 3997 448 4082 usurpatam
466 4003 661 4084 scriptoribus
684 4025 741 4083 pro
763 4005 873 4064 cuculli
894 4024 1061 4084 synonyme
1086 4006 1198 4084 caputii
1219 4022 1325 4064 vocem

208 4081 345 4146 adhibui.
387 4087 485 4150 videri
505 4090 600 4169 possit
613 4091 763 4150 cucullum
779 4091 977 4166 monasticum
990 4091 1058 4150 ideo
1073 4083 1327 4167 dictumiurrtip·

209 4168 281 4246 βιον
294 4169 376 4249 quod
389 4193 458 4232 cum
479 4176 570 4234 vestie
585 4177 649 4254 ipsa
664 4174 704 4234 sit
722 4179 805 4254 quari
820 4177 990 4257 sepulcrum
1010 4175 1169 4252 monachi,
1189 4175 1328 4236 cucullus

210 4260 297 4313 extet
317 4256 402 4316 volut
415 4279 491 4338 apex
508 4281 542 4320 ec
556 4261 704 4340 fastigium
716 4261 850 4328 tumber.

36 4635 93 4754 2
110 4537 223 4723 n
