2888 4884
299 307 357 375 DE
383 303 636 374 aunuomco
663 303 952 376 namouodo
978 310 1014 376 L.
1039 307 1098 376 1v.
1177 307 1253 380 347

143 477 288 568 α’γαντες,
321 473 446 564 ἓτίρους
466 478 618 562 ζητοῦντα
641 476 716 555 τοδς
737 475 887 560 ἄξοντας,
919 467 963 546 ὧν
989 481 1042 546 καί
1069 477 1254 563 μαχομίνιαν

142 583 233 652 arisel
248 583 431 668 κερδαίνοιεν
444 587 657 664 πολεμοῦντες.
708 587 803 650 codsa
815 581 1013 666 συμβεβηκδς
1023 584 1074 647 καί
1086 589 1132 673 aqi
1145 588 1247 652 Σολυ-
1263 589 1287 644 Ι)

142 685 287 772 μάμνιαξι
302 686 428 773 ἀχρείαν
441 685 536 752 ἐποίει
544 683 711 780 Ῥωμαίοις
726 683 785 770 τὴν
797 691 854 770 τῆς
874 685 1038 770 ἇναιιανχῆς
1049 683 1160 771 χάριν,
1188 693 1251 754 τῶν

143 789 203 858 δυ’
222 789 309 880 adad
322 787 600 875 στρατηγουμένων
613 787 689 864 τίως
704 785 820 871 δτίροις
832 785 1020 870 συνιόντων,
1048 792 1101 856 καί
1113 789 1159 856 'sd
1171 788 1253 856 avieni

120 893 314 979 5Ῥονμαίσυς
327 890 472 976 durisimo
487 891 539 959 δσ’
567 891 608 958 ds
629 889 687 958 adr
706 889 765 956 ὕπ’
784 890 870 982 αὐτῷ
889 891 925 959 sd
939 893 1011 976 apis
1024 887 1253 979 δστρατῆγηντσ

143 995 307 1084 ἔπραττον.
360 993 441 1064 ἀλλὰ
458 996 499 1063 sd
519 997 663 1062 ἐντεῦθεν
687 991 903 1079 ἔπισυμβιίντα
927 991 1081 1083 εἰρήσεται
1101 994 1183 1064 eard
1199 992 1256 1064 τί·

144 1100 359 1177 πσνέσσῦδις.
636 1155 638 1164 s
946 1119 947 1122 ¹

250 1206 310 1276 31.
345 1199 425 1270 Τίτε
440 1201 634 1285 δδβασιλεδς
647 1202 748 1268 druvio
762 1195 882 1288 οίηδελς
894 1203 921 1268 εί
935 1202 985 1268 καί
1002 1201 1095 1269 πλέον
1108 1200 1252 1290 δφίξαιτα
1270 1217 1293 1272 Ρ
1311 1219 1363 1274 2³9

143 1315 202 1376 soii
217 1309 275 1394 τὴν
291 1307 454 1392 ἐκκλησίαν
467 1311 623 1372 καθιστᾶν
637 1303 801 1395 (μηδδγδρ
816 1303 866 1372 ἔπ’
883 1303 998 1396 ἀγαθῷ
1012 1302 1088 1371 εἶναι
1103 1315 1169 1382 τοῖς
1179 1303 1255 1374 Ῥω-

100 1414 247 1496 rupelo»
261 1407 422 1496 πράγμασι
444 1407 481 1476 id
495 1409 540 1494 μη
557 1410 591 1476 ἓν
603 1405 792 1476 καταστιίαει
812 1409 870 1492 τὴν
883 1410 1046 1494 ἐκκλησίαν
1060 1407 1158 1496 εἶναι)
1166 1458 1176 1489 ,
1202 1437 1257 1491 μι-

145 1515 221 1602 κρὸν
240 1514 392 1602 δρίμενος
402 1505 479 1580 ’,τῶν
503 1511 564 1590 iro
580 1514 757 1600 φροντίδιον
771 1515 875 1578 ἐδίδου
891 1515 942 1578 καί
959 1523 1028 1589 τοῖς
1042 1511 1120 1600 δπδρ
1134 1519 1191 1598 τῆς
1206 1516 1258 1580 δν-

146 1619 275 1702 πλησίας
286 1617 465 1703 μερίμναις,
492 1614 555 1701 ἤδη
568 1618 620 1682 καί
637 1614 729 1684 πάλιν
745 1615 919 1704 δρχσμίνης
931 1617 1166 1702 κραδαίνεσθαι.
1205 1621 1258 1684 καί

146 1721 187 1806 δὴ
200 1718 351 1797 συνόδους
366 1727 489 1805 συνῆγε,
517 1722 568 1784 καί
583 1719 672 1804 ἱερῶν
681 1719 805 1806 ἀνδρῶν
819 1715 993 1806 σύνταγμα,
1010 1720 1084 1786 ὅσον
1095 1713 1135 1805 ἦν
1148 1723 1181 1800 ίξ
1197 1720 1256 1808 uip-

145 1825 274 1911 χιερίιυν
286 1826 338 1889 καί
357 1821 432 1890 ὅσον
448 1823 482 1890 ἔκ
496 1828 649 1910 κληραιῶν
665 1847 698 1890 τε
718 1825 770 1890 καί
782 1829 946 1907 μοναχῶν,
975 1826 1017 1900 τίς
1028 1822 1145 1890 sudario
1160 1827 1256 1890 καδί-

104 1935 138 1992 15
147 1953 208 1995 στα
215 1975 226 2008 ,
250 1930 302 1993 καί
325 1926 542 2015 συνδιημίρευε
565 1923 706 2005 τούτοις,
734 1926 774 1992 sd
788 1927 857 2010 περί
874 1932 932 2010 τῆς
944 1924 1160 2012 παραιτήσεως
1175 1928 1255 1994 κατὰ

146 2027 280 2107 κανόνας
297 2026 542 2116 διερευνώμενος.
595 2026 665 2096 τότ’
682 2028 737 2116 ἐφ’
753 2026 883 2114 ἦμίραις
903 2030 1120 2114 συνσγομίνοιν
1135 2034 1252 2114 σχίσμα
1269 2034 1292 2088 Β

145 2131 270 2220 γεγόνει.
321 2137 373 2200 καί
388 2134 419 2201 σί
431 2134 489 2218 μὲν
501 2129 677 2221 αατριδρχη
690 2135 903 2218 προσκείμενοι
916 2130 956 2198 τοὶ
970 2138 1027 2215 τῆς
1040 2131 1257 2218 παραιτήσεως

147 2236 205 2304 oda
224 2237 387 2320 ίδίχονεσ·
412 2233 568 2325 δβρίσδαι
586 2235 646 2322 γὰρ
671 2235 774 2322 ἔλεγον
799 2241 931 2317 τοῦτον,
957 2237 1008 2300 καί
1031 2233 1167 2322 ἀνάγκην
1179 2233 1255 2302 alsae
1363 2239 1367 2244 ’

216 2383 259 2439 15.
277 2382 325 2439 aori
341 2381 442 2436 deerat.
479 2373 483 2388 '

147 2506 194 2558 bat
209 2507 240 2558 ut
255 2503 289 2558 ab
307 2520 338 2557 eo
356 2507 517 2572 satraparum
534 2517 609 2572 quem
626 2500 759 2572 quiescere
773 2501 907 2570 riderent,
931 2501 1020 2558 atatim
1044 2501 1077 2556 ad
1103 2501 1180 2556 alium
1197 2519 1258 2558 suus

146 2575 182 2627 ad
198 2573 304 2645 rapinas
320 2573 497 2626 immittente·
519 2571 675 2638 transirent,
698 2569 784 2624 securi
807 2570 958 2644 disciplinas
981 2571 1113 2639 militaria,
1137 2581 1165 2626 et
1182 2589 1259 2626 anam

146 2639 590 2766 :qlilqeeiqqqqteffiqdqtqqqmselqd
598 2639 963 2780 iiqliauodririucbegonlnyffisiriffixi
976 2641 1165 2780 Ιδδδίίεὶιίὲδδιτα
1173 2649 1261 2766 delirio

146 2781 240 2836 mium
256 2780 347 2834 milltes
364 2797 421 2834 sum
439 2781 479 2833 sal
496 2777 666 2832 abstinentem
679 2778 732 2833 iam
748 2795 765 2831 a
781 2779 880 2850 rapinis
890 2783 1042 2834 desererent
1052 2751 1260 2850 onnsfrr'gereut-

147 2867 200 2922 qua
221 2851 256 2903 ad
274 2854 396 2904 Arnuram
417 2848 445 2902 in
461 2848 586 2902 Romania
609 2847 819 2912 latrocinantem,
837 2851 940 2902 obstitit
955 2850 1089 2920 quominus
1106 2857 1211 2920 sperato
1227 2867 1260 2904 ax

147 2921 205 2974 eius
222 2937 280 2972 eum
298 2918 452 2988 Caximpaxi
468 2919 595 2971 socbtate
606 2917 756 2988 ‘urgentium
771 2918 893 2970 malorum
909 2921 1053 2972 laxamento
1071 2921 1192 2990 quopiam
1204 2919 1260 2972 Re-

147 2987 216 3042 mani
233 2992 390 3052 fruerentur,
407 2987 530 3041 militibus
547 2987 602 3040 eius
619 3003 666 3056 per
683 2985 819 3040 transitum
836 2987 869 3040 ad
887 2987 939 3041 alia
955 2987 1051 3041 infesta
1061 2987 1203 3042 Romaniae
1214 3005 1261 3042 ca-

149 3065 205 3110 stra
219 3057 293 3111 rnalia
312 3057 404 3113 iisdem
420 3055 522 3128 imperil
537 3055 654 3109 subditos
671 3071 739 3109 nanc
759 3057 928 3120 vexantibus,
954 3059 1047 3127 quibua
1065 3066 1140 3110 antea
1157 3058 1261 3111 eosdem

149 3126 310 3192 affecerant,
337 3143 393 3180 aum
411 3127 521 3179 nondum
545 3125 673 3180 conciliati
689 3125 893 3195 Solymampaxia
910 3125 983 3195 signa
1001 3135 1178 3198 sequerentur.
1213 3127 1261 3180 sed

148 3211 217 3266 quae
233 3196 344 3250 indidem
362 3195 413 3249 alia
429 3195 494 3250 eriri
504 3195 604 3248 deinde
620 3195 686 3248 mala
703 3193 822 3264 contigit,
839 3211 886 3248 suo
903 3195 997 3248 iterum
1012 3198 1069 3250 loce
1088 3199 1243 3252 reserentur.

217 3265 259 3318 dt.
295 3266 434 3319 Caeterum
454 3265 503 3320 bac
526 3263 704 3336 qualicumque
726 3265 804 3317 raban
827 3264 950 3318 Romanis
974 3283 1007 3319 ex
1030 3267 1136 3319 loedere
1153 3267 1261 3320 duorum

147 3339 309 3403 satraparum
327 3333 481 3402 rearisaionis
498 3335 585 3387 oblata
601 3349 663 3405 spe,
686 3349 754 3404 qaae
770 3349 847 3404 quam
863 3351 931 3388 rana
947 3339 1033 3401 esset,
1058 3351 1107 3389 usa
1131 3337 1260 3405 posterius

20 3449 27 3460 .
149 3403 290 3474 apparuit3
313 3404 426 3457 indutias
450 3403 593 3472 urgentium
619 3419 738 3456 curarum
756 3407 846 3456 saetas
863 3403 965 3458 interim
981 3405 1055 3457 velut
1071 3405 1194 3474 quasdam
1211 3405 1261 3458 im-

147 3479 266 3542 perator,
313 3489 361 3526 are
377 3471 647 3532 neccommittendam
660 3471 710 3525 sibi
727 3472 829 3543 putarit
844 3474 1014 3544 supersedens
1030 3476 1138 3543 amplius
1155 3473 1260 3527 conatui

148 3542 276 3596 restituea
292 3557 325 3595 ae
340 3542 535 3612 tranquillitatis
552 3541 684 3606 ecclesiae,
705 3543 778 3594 cuius
793 3542 930 3610 gliscentes
948 3543 1109 3610 turbationes
1125 3543 1152 3596 in
1170 3543 1260 3613 reipa-

149 3611 233 3664 blicaa
249 3611 330 3681 ipsius
347 3629 379 3664 ao
395 3617 479 3665 statas
496 3610 594 3680 politici
610 3610 756 3664 redundare
776 3611 915 3680 periculum
932 3611 1101 3682 intelligebat.
1135 3612 1261 3683 impendit

149 3678 230 3748 igitur
246 3681 351 3734 brevem
368 3681 436 3734 illam
452 3697 470 3734 e
487 3679 692 3734 solicitudinibus
716 3680 818 3750 imperii
843 3681 956 3750 requiem
973 3681 1001 3734 ia
1018 3700 1094 3736 aeres
1109 3699 1185 3735 curas
1202 3688 1262 3734 sta·

148 3748 276 3804 biiieudae
292 3749 365 3820 pacis
381 3751 519 3813 ecclesiae,
537 3765 604 3820 quae
621 3749 723 3802 concuti
740 3765 831 3802 rursm
846 3751 1002 3821 incipiebat3
1028 3751 1196 3824 congregarit
1212 3767 1259 3818 sy-

149 3817 241 3883 nodos,
259 3825 287 3872 et
303 3837 432 3874 sacrorum
450 3819 576 3904 hominurn
593 3827 745 3872 conventum
762 3818 884 3885 instituit,
899 3827 1023 3904 quantum
1037 3821 1071 3874 ad
1088 3835 1187 3874 suanum
1210 3819 1261 3872 luit

150 3887 480 4028 tludttseqldtl
495 3888 952 4028 lltlfflletlll‘ltdtd
969 3905 1261 4012 ”ulutatum

149 4026 184 4098 de
200 4027 364 4096 patriarchae
381 4026 543 4082 abdicatione
559 4028 722 4081 statuendum
746 4027 887 4080 rideretur.
922 3977 1067 4082 celdimds‘
1075 4045 1121 4098 per
1138 4026 1194 4080 dies
1213 4027 1262 4080 ali·

149 4104 214 4164 qaot
230 4095 374 4150 istiusmodi
391 4097 578 4166 conventibus,
601 4097 685 4151 scindi
704 4096 748 4167 qui
771 4100 905 4150 coiverant
929 4102 1068 4168 coeperunt
1086 4097 1114 4148 ia
1132 4095 1198 4150 duas
1215 4113 1264 4182 po·

150 4163 275 4218 tissimum
300 4166 450 4220 sententias.
485 4182 543 4219 nam
567 4165 612 4238 qai
634 4167 758 4221 serebant
781 4165 962 4236 patriarchae,
995 4165 1184 4220 abdicationem
1207 4183 1263 4220 erus

149 4233 348 4308 haudquaquam
364 4235 546 4291 admittendam
563 4237 749 4306 opinabantur,
775 4235 872 4306 quippe
888 4252 967 4306 quam
984 4233 1103 4290 dicarent
1118 4236 1200 4290 inrito
1216 4253 1264 4290 es-
1348 4225 1354 4244 '

148 4309 265 4371 tortam,
288 4304 358 4360 iusta
381 4305 540 4376 impatientia
557 4305 723 4376 praemiare
749 4305 933 4372 cnutumabaea
955 4304 1027 4358 euius
1045 4321 1102 4360 cum
1118 4305 1264 4378 reparau'c·
