<?xml version="1.0" encoding="UTF-8"?>
<!DOCTYPE html PUBLIC "-//W3C//DTD XHTML 1.0 Transitional//EN"
    "http://www.w3.org/TR/xhtml1/DTD/xhtml1-transitional.dtd">
<html xmlns="http://www.w3.org/1999/xhtml" xml:lang="en" lang="en">
 <head>
  <title>
</title>
<meta http-equiv="Content-Type" content="text/html;charset=utf-8" />
  <meta name='ocr-system' content='tesseract 3.04.00' />
  <meta name='ocr-capabilities' content='ocr_page ocr_carea ocr_par ocr_line ocrx_word'/>
</head>
<body>
  <div class='ocr_page' id='page_1' title='image "./georgiipachymer00pousgoog_0403.png"; bbox 0 0 2888 4884; ppageno 0'>
   <div class='ocr_carea' id='block_1_1' title="bbox 215 395 1012 510">
    <p class='ocr_par' dir='ltr' id='par_1_1' title="bbox 215 395 1012 510">
     <span class='ocr_line' id='line_1_1' title="bbox 215 395 1012 510; baseline -0.014 -36"><span class='ocrx_word' id='word_1_1' title='bbox 215 400 291 474; x_wconf 80' lang='lat'><strong>390</strong></span> <span class='ocrx_word' id='word_1_2' title='bbox 521 396 715 468; x_wconf 47' lang='lat' dir='ltr'><strong>&#39;GEORGII</strong></span> <span class='ocrx_word' id='word_1_3' title='bbox 741 395 1012 510; x_wconf 69' lang='lat' dir='ltr'><strong>ultitimum</strong></span> 
     </span>
    </p>
   </div>
   <div class='ocr_carea' id='block_1_2' title="bbox 107 563 1366 2316">
    <p class='ocr_par' dir='ltr' id='par_1_2' title="bbox 107 563 1366 2316">
     <span class='ocr_line' id='line_1_2' title="bbox 215 563 1325 660; baseline 0 -22"><span class='ocrx_word' id='word_1_4' title='bbox 215 571 237 660; x_wconf 69' lang='grc' dir='ltr'><em>ἢ</em></span> <span class='ocrx_word' id='word_1_5' title='bbox 248 567 372 659; x_wconf 86' lang='grc' dir='ltr'><strong><em>χάρισι,</em></strong></span> <span class='ocrx_word' id='word_1_6' title='bbox 400 563 573 656; x_wconf 83' lang='grc' dir='ltr'><strong><em>ζητοδντιυν</em></strong></span> <span class='ocrx_word' id='word_1_7' title='bbox 586 567 690 656; x_wconf 77' lang='lat' dir='ltr'><strong>l&#39;s&#39;epo&#39;s</strong></span> <span class='ocrx_word' id='word_1_8' title='bbox 704 567 761 637; x_wconf 86' lang='grc' dir='ltr'><strong>τδν</strong></span> <span class='ocrx_word' id='word_1_9' title='bbox 775 568 890 646; x_wconf 66' lang='lat' dir='ltr'><strong>nicole</strong></span> <span class='ocrx_word' id='word_1_10' title='bbox 901 567 1017 648; x_wconf 80' lang='grc' dir='ltr'><strong><em>άξοντα</em></strong></span> <span class='ocrx_word' id='word_1_11' title='bbox 1032 569 1081 634; x_wconf 72' lang='grc' dir='ltr'><strong>ἐπὶ</strong></span> <span class='ocrx_word' id='word_1_12' title='bbox 1095 571 1277 653; x_wconf 74' lang='grc' dir='ltr'><strong><em>σκυλευμοΐς</em></strong></span> <span class='ocrx_word' id='word_1_13' title='bbox 1290 595 1325 638; x_wconf 85' lang='grc' dir='ltr'><strong><em>τε</em></strong></span> 
     </span>
     <span class='ocr_line' id='line_1_3' title="bbox 178 661 1324 765; baseline -0.003 -21"><span class='ocrx_word' id='word_1_14' title='bbox 178 689 203 744; x_wconf 83' lang='lat' dir='ltr'>D</span> <span class='ocrx_word' id='word_1_15' title='bbox 220 683 271 744; x_wconf 83' lang='grc' dir='ltr'><strong>καλ</strong></span> <span class='ocrx_word' id='word_1_16' title='bbox 286 675 417 761; x_wconf 80' lang='grc' dir='ltr'><strong><em>κίρδτσι.</em></strong></span> <span class='ocrx_word' id='word_1_17' title='bbox 456 661 520 740; x_wconf 82' lang='grc' dir='ltr'><strong>καλ</strong></span> <span class='ocrx_word' id='word_1_18' title='bbox 540 673 594 740; x_wconf 82' lang='grc' dir='ltr'><strong>διδ</strong></span> <span class='ocrx_word' id='word_1_19' title='bbox 613 681 714 741; x_wconf 79' lang='grc' dir='ltr'><strong><em>ταῦτα</em></strong></span> <span class='ocrx_word' id='word_1_20' title='bbox 729 669 766 740; x_wconf 60' lang='grc' dir='ltr'><strong><em>ἓν</em></strong></span> <span class='ocrx_word' id='word_1_21' title='bbox 785 679 849 740; x_wconf 81' lang='grc' dir='ltr'><strong>τῶν</strong></span> <span class='ocrx_word' id='word_1_22' title='bbox 870 673 1045 758; x_wconf 70' lang='grc' dir='ltr'><strong><em>ἀναγκαίων</em></strong></span> <span class='ocrx_word' id='word_1_23' title='bbox 1060 672 1147 751; x_wconf 58' lang='lat' dir='ltr'><strong>illuit</strong></span> <span class='ocrx_word' id='word_1_24' title='bbox 1167 680 1213 763; x_wconf 78' lang='grc' dir='ltr'><strong><em>τῷ</em></strong></span> <span class='ocrx_word' id='word_1_25' title='bbox 1226 681 1324 765; x_wconf 74' lang='grc' dir='ltr'><strong><em>καιρῷ</em></strong></span> 
     </span>
     <span class='ocr_line' id='line_1_4' title="bbox 215 765 1325 866; baseline -0.004 -18"><span class='ocrx_word' id='word_1_26' title='bbox 215 782 269 848; x_wconf 85' lang='grc' dir='ltr'><strong>καλ</strong></span> <span class='ocrx_word' id='word_1_27' title='bbox 280 789 347 855; x_wconf 72' lang='grc' dir='ltr'><strong><em>τοῖς</em></strong></span> <span class='ocrx_word' id='word_1_28' title='bbox 358 765 510 864; x_wconf 75' lang='grc' dir='ltr'><strong><em>ἐφεστῶσι</em></strong></span> <span class='ocrx_word' id='word_1_29' title='bbox 522 773 700 866; x_wconf 77' lang='grc' dir='ltr'><strong><em>πράγμασι,</em></strong></span> <span class='ocrx_word' id='word_1_30' title='bbox 725 777 762 844; x_wconf 83' lang='lat' dir='ltr'><strong>sd</strong></span> <span class='ocrx_word' id='word_1_31' title='bbox 778 777 975 866; x_wconf 67' lang='grc' dir='ltr'><strong>περιλειφθὲν</strong></span> <span class='ocrx_word' id='word_1_32' title='bbox 987 775 1080 858; x_wconf 73' lang='lat' dir='ltr'><strong>sime,</strong></span> <span class='ocrx_word' id='word_1_33' title='bbox 1108 775 1182 844; x_wconf 81' lang='lat' dir='ltr'><strong>duos</strong></span> <span class='ocrx_word' id='word_1_34' title='bbox 1197 777 1229 843; x_wconf 78' lang='lat' dir='ltr'><strong>ts</strong></span> <span class='ocrx_word' id='word_1_35' title='bbox 1244 801 1325 866; x_wconf 89' lang='grc' dir='ltr'><strong><em>προ-</em></strong></span> 
     </span>
     <span class='ocr_line' id='line_1_5' title="bbox 215 878 1323 966; baseline -0.003 -15"><span class='ocrx_word' id='word_1_36' title='bbox 215 884 314 960; x_wconf 86' lang='grc' dir='ltr'><strong><em>νοίαις</em></strong></span> <span class='ocrx_word' id='word_1_37' title='bbox 333 878 477 948; x_wconf 73' lang='grc' dir='ltr'><strong>ἐτάττετο</strong></span> <span class='ocrx_word' id='word_1_38' title='bbox 499 891 664 964; x_wconf 69' lang='lat' dir='ltr'><strong>posature</strong></span> <span class='ocrx_word' id='word_1_39' title='bbox 686 883 738 946; x_wconf 83' lang='grc' dir='ltr'><strong>καλ</strong></span> <span class='ocrx_word' id='word_1_40' title='bbox 762 882 935 966; x_wconf 72' lang='grc' dir='ltr'><strong><em>ἐκκλησίαις</em></strong></span> <span class='ocrx_word' id='word_1_41' title='bbox 949 882 1007 946; x_wconf 73' lang='grc' dir='ltr'><strong><em>’καὶ</em></strong></span> <span class='ocrx_word' id='word_1_42' title='bbox 1028 889 1095 958; x_wconf 75' lang='grc' dir='ltr'><strong><em>τοῖς</em></strong></span> <span class='ocrx_word' id='word_1_43' title='bbox 1117 886 1241 964; x_wconf 74' lang='grc' dir='ltr'><strong><em>βασιλεῖ</em></strong></span> <span class='ocrx_word' id='word_1_44' title='bbox 1261 891 1323 948; x_wconf 86' lang='grc' dir='ltr'><strong><em>πα-</em></strong></span> 
     </span>
     <span class='ocr_line' id='line_1_6' title="bbox 217 979 1348 1075; baseline -0.004 -23"><span class='ocrx_word' id='word_1_45' title='bbox 217 987 436 1075; x_wconf 86' lang='grc' dir='ltr'><strong><em>ρασπίζουσιν,</em></strong></span> <span class='ocrx_word' id='word_1_46' title='bbox 473 981 643 1072; x_wconf 73' lang='grc' dir='ltr'><strong>ἀφεικότας</strong></span> <span class='ocrx_word' id='word_1_47' title='bbox 662 990 727 1052; x_wconf 76' lang='grc' dir='ltr'><strong>τῶν</strong></span> <span class='ocrx_word' id='word_1_48' title='bbox 741 987 920 1066; x_wconf 80' lang='grc' dir='ltr'><strong><em>δεσποτῶν,</em></strong></span> <span class='ocrx_word' id='word_1_49' title='bbox 946 979 1068 1051; x_wconf 80' lang='grc' dir='ltr'><strong><em>τάττειν</em></strong></span> <span class='ocrx_word' id='word_1_50' title='bbox 1082 986 1125 1061; x_wconf 76' lang='grc' dir='ltr'><strong>τίς</strong></span> <span class='ocrx_word' id='word_1_51' title='bbox 1137 992 1348 1070; x_wconf 60' lang='grc' dir='ltr'><strong><em>στρατιωτοῦ</em></strong></span> 
     </span>
     <span class='ocr_line' id='line_1_7' title="bbox 216 1084 1325 1173; baseline -0.002 -15"><span class='ocrx_word' id='word_1_52' title='bbox 216 1087 289 1166; x_wconf 86' lang='grc' dir='ltr'><strong><em>κάν,</em></strong></span> <span class='ocrx_word' id='word_1_53' title='bbox 316 1087 398 1173; x_wconf 73' lang='grc' dir='ltr'><strong><em>πλὴν</em></strong></span> <span class='ocrx_word' id='word_1_54' title='bbox 418 1087 469 1154; x_wconf 77' lang='grc' dir='ltr'><strong><em>καὶ</em></strong></span> <span class='ocrx_word' id='word_1_55' title='bbox 488 1085 722 1170; x_wconf 84' lang='grc' dir='ltr'><strong><em>μονοκελλικάν,</em></strong></span> <span class='ocrx_word' id='word_1_56' title='bbox 751 1084 949 1171; x_wconf 71' lang='grc' dir='ltr'><strong><em>ξύμπαντας,</em></strong></span> <span class='ocrx_word' id='word_1_57' title='bbox 976 1084 1019 1166; x_wconf 80' lang='grc' dir='ltr'><strong><em>ὥς</em></strong></span> <span class='ocrx_word' id='word_1_58' title='bbox 1036 1087 1182 1154; x_wconf 70' lang='grc' dir='ltr'><strong><em>ἐντεῦθεν</em></strong></span> <span class='ocrx_word' id='word_1_59' title='bbox 1207 1087 1325 1167; x_wconf 79' lang='grc' dir='ltr'><strong><em>αάτοδς</em></strong></span> 
     </span>
     <span class='ocr_line' id='line_1_8' title="bbox 216 1189 1324 1280; baseline -0.002 -20"><span class='ocrx_word' id='word_1_60' title='bbox 216 1194 341 1270; x_wconf 71' lang='grc' dir='ltr'><strong><em>ἱκείνοις</em></strong></span> <span class='ocrx_word' id='word_1_61' title='bbox 355 1189 434 1279; x_wconf 79' lang='grc' dir='ltr'><strong><em>άπίρ</em></strong></span> <span class='ocrx_word' id='word_1_62' title='bbox 449 1198 512 1258; x_wconf 79' lang='grc' dir='ltr'><strong>τῶν</strong></span> <span class='ocrx_word' id='word_1_63' title='bbox 525 1194 612 1258; x_wconf 77' lang='grc' dir='ltr'><strong><em>ἰδίων</em></strong></span> <span class='ocrx_word' id='word_1_64' title='bbox 624 1189 1034 1280; x_wconf 75' lang='grc' dir='ltr'><strong><em>προσμίνονταςμάχτσδαι.</em></strong></span> <span class='ocrx_word' id='word_1_65' title='bbox 1086 1191 1243 1258; x_wconf 76' lang='grc' dir='ltr'><strong><em>δυτίλλιτο</em></strong></span> <span class='ocrx_word' id='word_1_66' title='bbox 1257 1216 1324 1258; x_wconf 83' lang='grc' dir='ltr'><strong><em>τοι·</em></strong></span> 
     </span>
     <span class='ocr_line' id='line_1_9' title="bbox 214 1289 1324 1384; baseline -0.003 -20"><span class='ocrx_word' id='word_1_67' title='bbox 214 1297 332 1384; x_wconf 77' lang='grc' dir='ltr'><strong><em>γαροδν</em></strong></span> <span class='ocrx_word' id='word_1_68' title='bbox 347 1297 397 1362; x_wconf 83' lang='grc' dir='ltr'><strong>καλ</strong></span> <span class='ocrx_word' id='word_1_69' title='bbox 412 1294 500 1381; x_wconf 80' lang='grc' dir='ltr'><strong><em>παρὰ</em></strong></span> <span class='ocrx_word' id='word_1_70' title='bbox 519 1291 713 1382; x_wconf 74' lang='grc' dir='ltr'><strong><em>πατριάρχου</em></strong></span> <span class='ocrx_word' id='word_1_71' title='bbox 729 1294 853 1374; x_wconf 73' lang='grc' dir='ltr'><strong><em>θαλλδς</em></strong></span> <span class='ocrx_word' id='word_1_72' title='bbox 864 1295 971 1372; x_wconf 75' lang='grc' dir='ltr'><strong><em>δλαίας</em></strong></span> <span class='ocrx_word' id='word_1_73' title='bbox 982 1289 1167 1378; x_wconf 78' lang='grc' dir='ltr'><strong><em>δναυδῆτοις</em></strong></span> <span class='ocrx_word' id='word_1_74' title='bbox 1180 1301 1226 1384; x_wconf 75' lang='grc' dir='ltr'><strong><em>τῷ</em></strong></span> <span class='ocrx_word' id='word_1_75' title='bbox 1244 1294 1324 1362; x_wconf 81' lang='grc' dir='ltr'><strong><em>δίνα-</em></strong></span> 
     </span>
     <span class='ocr_line' id='line_1_10' title="bbox 215 1394 1325 1486; baseline -0.003 -19"><span class='ocrx_word' id='word_1_76' title='bbox 215 1425 264 1468; x_wconf 90' lang='grc' dir='ltr'><strong><em>κτι</em></strong></span> <span class='ocrx_word' id='word_1_77' title='bbox 270 1450 282 1482; x_wconf 92' lang='grc'><strong><em>,</em></strong></span> <span class='ocrx_word' id='word_1_78' title='bbox 311 1396 389 1466; x_wconf 70' lang='grc' dir='ltr'><strong><em>ὅθεν</em></strong></span> <span class='ocrx_word' id='word_1_79' title='bbox 404 1400 459 1464; x_wconf 84' lang='grc' dir='ltr'><strong>ναί</strong></span> <span class='ocrx_word' id='word_1_80' title='bbox 471 1399 502 1463; x_wconf 85' lang='grc' dir='ltr'><strong><em>τι</em></strong></span> <span class='ocrx_word' id='word_1_81' title='bbox 516 1405 651 1486; x_wconf 60' lang='lat' dir='ltr'><strong>&amp;oppeto</strong></span> <span class='ocrx_word' id='word_1_82' title='bbox 671 1396 731 1483; x_wconf 80' lang='grc' dir='ltr'><strong><em>είχι</em></strong></span> <span class='ocrx_word' id='word_1_83' title='bbox 745 1405 809 1466; x_wconf 82' lang='grc' dir='ltr'><strong>τῶν</strong></span> <span class='ocrx_word' id='word_1_84' title='bbox 821 1398 954 1486; x_wconf 76' lang='grc' dir='ltr'><strong><em>άγοιδῶν</em></strong></span> <span class='ocrx_word' id='word_1_85' title='bbox 970 1400 1005 1464; x_wconf 70' lang='grc' dir='ltr'><strong>ἐκ</strong></span> <span class='ocrx_word' id='word_1_86' title='bbox 1025 1403 1082 1482; x_wconf 83' lang='grc' dir='ltr'><strong>τῆς</strong></span> <span class='ocrx_word' id='word_1_87' title='bbox 1097 1401 1166 1485; x_wconf 70' lang='grc' dir='ltr'><strong><em>περὶ</em></strong></span> <span class='ocrx_word' id='word_1_88' title='bbox 1182 1394 1279 1466; x_wconf 83' lang='grc' dir='ltr'><strong><em>αάτάν</em></strong></span> <span class='ocrx_word' id='word_1_89' title='bbox 1294 1398 1325 1465; x_wconf 79' lang='lat' dir='ltr'><strong>oi</strong></span> 
     </span>
     <span class='ocr_line' id='line_1_11' title="bbox 177 1495 1366 1590; baseline -0.002 -22"><span class='ocrx_word' id='word_1_90' title='bbox 177 1501 363 1590; x_wconf 74' lang='grc' dir='ltr'><strong><em>Εμτγίστης</em></strong></span> <span class='ocrx_word' id='word_1_91' title='bbox 384 1503 608 1589; x_wconf 88' lang='grc' dir='ltr'><strong><em>πληροφορίας.</em></strong></span> <span class='ocrx_word' id='word_1_92' title='bbox 660 1501 700 1568; x_wconf 78' lang='grc' dir='ltr'><strong><em>τά</em></strong></span> <span class='ocrx_word' id='word_1_93' title='bbox 722 1501 743 1570; x_wconf 90' lang='grc' dir='ltr'><strong><em>δ</em></strong></span> <span class='ocrx_word' id='word_1_94' title='bbox 749 1501 759 1528; x_wconf 86' lang='lat'>’</span> <span class='ocrx_word' id='word_1_95' title='bbox 780 1495 862 1588; x_wconf 71' lang='grc' dir='ltr'><strong><em>ἦσαν</em></strong></span> <span class='ocrx_word' id='word_1_96' title='bbox 886 1503 919 1570; x_wconf 71' lang='grc' dir='ltr'><strong><em>ἓν</em></strong></span> <span class='ocrx_word' id='word_1_97' title='bbox 942 1498 1053 1586; x_wconf 82' lang='grc' dir='ltr'><strong><em>μδναις</em></strong></span> <span class='ocrx_word' id='word_1_98' title='bbox 1062 1508 1212 1584; x_wconf 72' lang='grc' dir='ltr'><strong><em>βουλαῖς·</em></strong></span> <span class='ocrx_word' id='word_1_99' title='bbox 1231 1500 1366 1570; x_wconf 52' lang='lat' dir='ltr'><strong>‘edomiti</strong></span> 
     </span>
     <span class='ocr_line' id='line_1_12' title="bbox 214 1599 1323 1694; baseline -0.001 -21"><span class='ocrx_word' id='word_1_100' title='bbox 214 1607 275 1694; x_wconf 83' lang='grc' dir='ltr'><strong>γάρ</strong></span> <span class='ocrx_word' id='word_1_101' title='bbox 301 1605 468 1693; x_wconf 69' lang='grc' dir='ltr'><strong><em>ἐφίσταντο</em></strong></span> <span class='ocrx_word' id='word_1_102' title='bbox 500 1602 548 1682; x_wconf 79' lang='grc' dir='ltr'><strong><em>οἷς</em></strong></span> <span class='ocrx_word' id='word_1_103' title='bbox 576 1599 615 1691; x_wconf 74' lang='grc' dir='ltr'><strong><em>ἦν</em></strong></span> <span class='ocrx_word' id='word_1_104' title='bbox 642 1603 876 1691; x_wconf 78' lang='grc' dir='ltr'><strong><em>ἓπιττταγμίνον</em></strong></span> <span class='ocrx_word' id='word_1_105' title='bbox 894 1611 997 1673; x_wconf 75' lang='grc' dir='ltr'><strong><em>ταῦτα</em></strong></span> <span class='ocrx_word' id='word_1_106' title='bbox 1018 1601 1183 1688; x_wconf 83' lang='grc' dir='ltr'><strong><em>πράττειν,</em></strong></span> <span class='ocrx_word' id='word_1_107' title='bbox 1214 1607 1267 1671; x_wconf 83' lang='grc' dir='ltr'><strong>καλ</strong></span> <span class='ocrx_word' id='word_1_108' title='bbox 1286 1605 1323 1673; x_wconf 81' lang='lat' dir='ltr'><strong>sd</strong></span> 
     </span>
     <span class='ocr_line' id='line_1_13' title="bbox 215 1705 1324 1796; baseline -0.003 -18"><span class='ocrx_word' id='word_1_109' title='bbox 215 1710 372 1796; x_wconf 74' lang='grc' dir='ltr'><strong><em>Περσικὸν</em></strong></span> <span class='ocrx_word' id='word_1_110' title='bbox 392 1706 590 1792; x_wconf 70' lang='grc' dir='ltr'><strong><em>πολλαχόθεν</em></strong></span> <span class='ocrx_word' id='word_1_111' title='bbox 612 1705 846 1790; x_wconf 54' lang='lat' dir='ltr'><strong>lunaelunae</strong></span> <span class='ocrx_word' id='word_1_112' title='bbox 868 1708 943 1786; x_wconf 80' lang='grc' dir='ltr'><strong><em>τυδς</em></strong></span> <span class='ocrx_word' id='word_1_113' title='bbox 967 1709 1025 1793; x_wconf 75' lang='grc' dir='ltr'><strong><em>μὲν</em></strong></span> <span class='ocrx_word' id='word_1_114' title='bbox 1043 1705 1132 1794; x_wconf 63' lang='grc' dir='ltr'><strong><em>ἔργον</em></strong></span> <span class='ocrx_word' id='word_1_115' title='bbox 1152 1713 1324 1775; x_wconf 67' lang='grc' dir='ltr'><strong><em>καθιστᾶσι</em></strong></span> 
     </span>
     <span class='ocr_line' id='line_1_14' title="bbox 213 1809 1323 1901; baseline 0 -23"><span class='ocrx_word' id='word_1_116' title='bbox 213 1813 389 1900; x_wconf 82' lang='grc' dir='ltr'><strong><em>μαχαίρας,</em></strong></span> <span class='ocrx_word' id='word_1_117' title='bbox 425 1809 494 1878; x_wconf 76' lang='grc' dir='ltr'><strong><em>ὅσοι</em></strong></span> <span class='ocrx_word' id='word_1_118' title='bbox 514 1811 553 1878; x_wconf 79' lang='lat' dir='ltr'><strong>tt</strong></span> <span class='ocrx_word' id='word_1_119' title='bbox 566 1837 600 1899; x_wconf 87' lang='grc' dir='ltr'><strong>γε</strong></span> <span class='ocrx_word' id='word_1_120' title='bbox 619 1814 672 1878; x_wconf 83' lang='grc' dir='ltr'><strong>καλ</strong></span> <span class='ocrx_word' id='word_1_121' title='bbox 694 1809 825 1896; x_wconf 71' lang='grc' dir='ltr'><strong><em>ἴσχυσαν</em></strong></span> <span class='ocrx_word' id='word_1_122' title='bbox 847 1813 1004 1900; x_wconf 84' lang='grc' dir='ltr'><strong><em>ίκφυγεΐν,</em></strong></span> <span class='ocrx_word' id='word_1_123' title='bbox 1038 1815 1083 1901; x_wconf 78' lang='lat' dir='ltr'><strong>uqi</strong></span> <span class='ocrx_word' id='word_1_124' title='bbox 1104 1817 1162 1896; x_wconf 78' lang='grc' dir='ltr'><strong>τῆς</strong></span> <span class='ocrx_word' id='word_1_125' title='bbox 1186 1813 1323 1894; x_wconf 79' lang='grc' dir='ltr'><strong><em>Κυζίκου</em></strong></span> 
     </span>
     <span class='ocr_line' id='line_1_15' title="bbox 212 1911 1322 2004; baseline -0.002 -22"><span class='ocrx_word' id='word_1_126' title='bbox 212 1917 408 2004; x_wconf 74' lang='grc' dir='ltr'><strong><em>ἔπιτειχισμῷ</em></strong></span> <span class='ocrx_word' id='word_1_127' title='bbox 433 1915 505 2002; x_wconf 75' lang='lat' dir='ltr'><strong>dipsa</strong></span> <span class='ocrx_word' id='word_1_128' title='bbox 517 1911 589 1983; x_wconf 84' lang='lat' dir='ltr'><strong>so&#39;ss</strong></span> <span class='ocrx_word' id='word_1_129' title='bbox 604 1913 753 1984; x_wconf 80' lang='grc' dir='ltr'><strong><em>συστάντι</em></strong></span> <span class='ocrx_word' id='word_1_130' title='bbox 774 1915 861 2003; x_wconf 73' lang='grc' dir='ltr'><strong><em>παρὰ</em></strong></span> <span class='ocrx_word' id='word_1_131' title='bbox 879 1921 936 1982; x_wconf 77' lang='grc' dir='ltr'><strong><em>τοῦ</em></strong></span> <span class='ocrx_word' id='word_1_132' title='bbox 950 1916 983 1982; x_wconf 73' lang='grc' dir='ltr'><strong><em>ἐν</em></strong></span> <span class='ocrx_word' id='word_1_133' title='bbox 994 1913 1075 2003; x_wconf 81' lang='grc' dir='ltr'><strong><em>αάτῇ</em></strong></span> <span class='ocrx_word' id='word_1_134' title='bbox 1091 1914 1247 2001; x_wconf 83' lang='grc' dir='ltr'><strong><em>πρυίδροα</em></strong></span> <span class='ocrx_word' id='word_1_135' title='bbox 1261 1917 1322 1980; x_wconf 87' lang='grc' dir='ltr'><strong>Νί-</strong></span> 
     </span>
     <span class='ocr_line' id='line_1_16' title="bbox 213 2014 1362 2108; baseline -0.003 -22"><span class='ocrx_word' id='word_1_136' title='bbox 213 2043 330 2108; x_wconf 86' lang='grc' dir='ltr'><strong><em>φιυνος,</em></strong></span> <span class='ocrx_word' id='word_1_137' title='bbox 357 2018 473 2105; x_wconf 73' lang='grc' dir='ltr'><strong><em>ἀνδρὸς</em></strong></span> <span class='ocrx_word' id='word_1_138' title='bbox 484 2019 676 2106; x_wconf 84' lang='grc' dir='ltr'><strong><em>δραστηρίου</em></strong></span> <span class='ocrx_word' id='word_1_139' title='bbox 692 2022 743 2085; x_wconf 77' lang='grc' dir='ltr'><strong><em>καὶ</em></strong></span> <span class='ocrx_word' id='word_1_140' title='bbox 756 2017 897 2106; x_wconf 81' lang='grc' dir='ltr'><strong><em>γνάσιοις</em></strong></span> <span class='ocrx_word' id='word_1_141' title='bbox 909 2014 1066 2103; x_wconf 78' lang='grc' dir='ltr'><strong><em>ίπηβάλου</em></strong></span> <span class='ocrx_word' id='word_1_142' title='bbox 1082 2020 1134 2084; x_wconf 79' lang='grc' dir='ltr'><strong>καλ</strong></span> <span class='ocrx_word' id='word_1_143' title='bbox 1151 2017 1188 2085; x_wconf 84' lang='grc' dir='ltr'><strong>οδ</strong></span> <span class='ocrx_word' id='word_1_144' title='bbox 1201 2023 1362 2102; x_wconf 71' lang='grc' dir='ltr'><strong><em>μᾶλλονλσ</em></strong></span> 
     </span>
     <span class='ocr_line' id='line_1_17' title="bbox 107 2118 1324 2211; baseline 0 -21"><span class='ocrx_word' id='word_1_145' title='bbox 107 2137 129 2190; x_wconf 85' lang='grc' dir='ltr'>Ρ</span> <span class='ocrx_word' id='word_1_146' title='bbox 145 2139 195 2196; x_wconf 80' lang='lat'><strong>271</strong></span> <span class='ocrx_word' id='word_1_147' title='bbox 213 2131 430 2207; x_wconf 81' lang='grc' dir='ltr'><strong><em>πνιυματαιοῖς</em></strong></span> <span class='ocrx_word' id='word_1_148' title='bbox 443 2121 463 2211; x_wconf 69' lang='grc' dir='ltr'><em>ἢ</em></span> <span class='ocrx_word' id='word_1_149' title='bbox 474 2129 475 2132; x_wconf 74' lang='grc'>’</span> <span class='ocrx_word' id='word_1_150' title='bbox 485 2133 643 2208; x_wconf 77' lang='grc' dir='ltr'><strong><em>κοομικοΐς</em></strong></span> <span class='ocrx_word' id='word_1_151' title='bbox 655 2124 808 2209; x_wconf 74' lang='grc' dir='ltr'><strong><em>τρίβωνος</em></strong></span> <span class='ocrx_word' id='word_1_152' title='bbox 827 2119 1004 2208; x_wconf 75' lang='grc' dir='ltr'><strong><em>πράγμασι,</em></strong></span> <span class='ocrx_word' id='word_1_153' title='bbox 1031 2120 1178 2210; x_wconf 83' lang='grc' dir='ltr'><strong><em>φίροντις</em></strong></span> <span class='ocrx_word' id='word_1_154' title='bbox 1192 2118 1324 2198; x_wconf 78' lang='grc' dir='ltr'><strong><em>ἔαυτους</em></strong></span> 
     </span>
     <span class='ocr_line' id='line_1_18' title="bbox 211 2219 1213 2316; baseline -0.002 -22"><span class='ocrx_word' id='word_1_155' title='bbox 211 2227 263 2294; x_wconf 73' lang='lat' dir='ltr'><strong>sol</strong></span> <span class='ocrx_word' id='word_1_156' title='bbox 275 2236 423 2316; x_wconf 76' lang='grc' dir='ltr'><strong><em>γυναῖκας</em></strong></span> <span class='ocrx_word' id='word_1_157' title='bbox 438 2227 490 2294; x_wconf 71' lang='grc' dir='ltr'><strong><em>καλ</em></strong></span> <span class='ocrx_word' id='word_1_158' title='bbox 506 2228 599 2295; x_wconf 89' lang='grc' dir='ltr'><strong><em>τίκνα</em></strong></span> <span class='ocrx_word' id='word_1_159' title='bbox 614 2227 667 2294; x_wconf 73' lang='lat' dir='ltr'><strong>stol</strong></span> <span class='ocrx_word' id='word_1_160' title='bbox 682 2230 747 2308; x_wconf 80' lang='grc' dir='ltr'><strong><em>ζῶα</em></strong></span> <span class='ocrx_word' id='word_1_161' title='bbox 762 2228 815 2293; x_wconf 82' lang='grc' dir='ltr'><strong>καλ</strong></span> <span class='ocrx_word' id='word_1_162' title='bbox 826 2223 960 2315; x_wconf 84' lang='grc' dir='ltr'><strong><em>δααρξιν</em></strong></span> <span class='ocrx_word' id='word_1_163' title='bbox 975 2219 1213 2312; x_wconf 60' lang='grc' dir='ltr'><strong><em>ίγκατίκλεισανς</em></strong></span> 
     </span>
    </p>
   </div>
   <div class='ocr_carea' id='block_1_3' title="bbox 186 2353 463 2428">
    <p class='ocr_par' dir='ltr' id='par_1_3' title="bbox 186 2353 463 2428">
     <span class='ocr_line' id='line_1_19' title="bbox 186 2353 463 2428; baseline -0.011 -15"><span class='ocrx_word' id='word_1_164' title='bbox 186 2421 187 2424; x_wconf 10' lang='lat'>¹</span> <span class='ocrx_word' id='word_1_165' title='bbox 281 2357 308 2413; x_wconf 83' lang='lat'><strong>5.</strong></span> <span class='ocrx_word' id='word_1_166' title='bbox 323 2356 390 2428; x_wconf 81' lang='grc' dir='ltr'><strong><em>καλ]</em></strong></span> <span class='ocrx_word' id='word_1_167' title='bbox 407 2353 463 2414; x_wconf 75' lang='lat' dir='ltr'><strong>sd?</strong></span> 
     </span>
    </p>
   </div>
   <div class='ocr_carea' id='block_1_4' title="bbox 82 2469 1325 4485">
    <p class='ocr_par' dir='ltr' id='par_1_4' title="bbox 212 2469 1324 2684">
     <span class='ocr_line' id='line_1_20' title="bbox 212 2469 1323 2547; baseline -0.002 -17"><span class='ocrx_word' id='word_1_168' title='bbox 212 2477 261 2532; x_wconf 89' lang='lat' dir='ltr'><strong>bus</strong></span> <span class='ocrx_word' id='word_1_169' title='bbox 282 2482 386 2547; x_wconf 73' lang='lat' dir='ltr'><strong>septo·</strong></span> <span class='ocrx_word' id='word_1_170' title='bbox 410 2474 643 2546; x_wconf 86' lang='lat' dir='ltr'><strong>lotrocinotomqoe</strong></span> <span class='ocrx_word' id='word_1_171' title='bbox 659 2473 831 2542; x_wconf 77' lang='lat' dir='ltr'>ducerentur,</span> <span class='ocrx_word' id='word_1_172' title='bbox 859 2489 918 2528; x_wconf 91' lang='lat' dir='ltr'><strong>sese</strong></span> <span class='ocrx_word' id='word_1_173' title='bbox 941 2469 1109 2544; x_wconf 77' lang='lat' dir='ltr'><strong>eggregnturi</strong></span> <span class='ocrx_word' id='word_1_174' title='bbox 1125 2471 1212 2528; x_wconf 84' lang='lat' dir='ltr'><strong>stetim</strong></span> <span class='ocrx_word' id='word_1_175' title='bbox 1229 2471 1323 2541; x_wconf 81' lang='lat' dir='ltr'><strong>forent,</strong></span> 
     </span>
     <span class='ocr_line' id='line_1_21' title="bbox 212 2541 1324 2600; baseline 0 -2"><span class='ocrx_word' id='word_1_176' title='bbox 212 2555 241 2598; x_wconf 90' lang='lat' dir='ltr'><strong>et</strong></span> <span class='ocrx_word' id='word_1_177' title='bbox 257 2545 347 2600; x_wconf 81' lang='lat' dir='ltr'><strong>eedem</strong></span> <span class='ocrx_word' id='word_1_178' title='bbox 363 2545 437 2598; x_wconf 91' lang='lat' dir='ltr'><strong>nobis</strong></span> <span class='ocrx_word' id='word_1_179' title='bbox 458 2543 523 2598; x_wconf 84' lang='lat' dir='ltr'><strong>doce</strong></span> <span class='ocrx_word' id='word_1_180' title='bbox 541 2551 640 2598; x_wconf 79' lang='lat' dir='ltr'><strong>mutato</strong></span> <span class='ocrx_word' id='word_1_181' title='bbox 659 2544 751 2596; x_wconf 84' lang='lat' dir='ltr'><strong>domos</strong></span> <span class='ocrx_word' id='word_1_182' title='bbox 771 2541 879 2600; x_wconf 73' lang='lat' dir='ltr'><strong>illaturi.</strong></span> <span class='ocrx_word' id='word_1_183' title='bbox 912 2542 977 2596; x_wconf 82' lang='lat' dir='ltr'><strong>boec</strong></span> <span class='ocrx_word' id='word_1_184' title='bbox 994 2549 1088 2596; x_wconf 83' lang='lat' dir='ltr'><strong>cuncte</strong></span> <span class='ocrx_word' id='word_1_185' title='bbox 1104 2544 1324 2598; x_wconf 68' lang='lat' dir='ltr'><strong>considerantibus</strong></span> 
     </span>
     <span class='ocr_line' id='line_1_22' title="bbox 213 2609 1324 2684; baseline -0.002 -16"><span class='ocrx_word' id='word_1_186' title='bbox 213 2629 290 2668; x_wconf 86' lang='lat' dir='ltr'><strong>onusn</strong></span> <span class='ocrx_word' id='word_1_187' title='bbox 306 2613 449 2680; x_wconf 64' lang='lat' dir='ltr'><strong>dummxnt,</strong></span> <span class='ocrx_word' id='word_1_188' title='bbox 466 2629 547 2684; x_wconf 73' lang='lat' dir='ltr'><strong>grave</strong></span> <span class='ocrx_word' id='word_1_189' title='bbox 563 2611 626 2666; x_wconf 89' lang='lat' dir='ltr'><strong>illud</strong></span> <span class='ocrx_word' id='word_1_190' title='bbox 643 2612 747 2682; x_wconf 89' lang='lat' dir='ltr'><strong>quidem</strong></span> <span class='ocrx_word' id='word_1_191' title='bbox 764 2617 792 2665; x_wconf 91' lang='lat' dir='ltr'><strong>et</strong></span> <span class='ocrx_word' id='word_1_192' title='bbox 807 2611 936 2682; x_wconf 76' lang='lat' dir='ltr'><strong>iniquum,</strong></span> <span class='ocrx_word' id='word_1_193' title='bbox 953 2609 999 2664; x_wconf 91' lang='lat' dir='ltr'><strong>sed</strong></span> <span class='ocrx_word' id='word_1_194' title='bbox 1016 2611 1085 2682; x_wconf 91' lang='lat' dir='ltr'><strong>qood</strong></span> <span class='ocrx_word' id='word_1_195' title='bbox 1103 2613 1158 2666; x_wconf 85' lang='lat' dir='ltr'><strong>sole</strong></span> <span class='ocrx_word' id='word_1_196' title='bbox 1174 2613 1267 2666; x_wconf 76' lang='lat' dir='ltr'><strong>uictrix</strong></span> <span class='ocrx_word' id='word_1_197' title='bbox 1284 2613 1324 2666; x_wconf 90' lang='lat' dir='ltr'><strong>le-</strong></span> 
     </span>
    </p>

    <p class='ocr_par' dir='ltr' id='par_1_5' title="bbox 82 2679 1325 4485">
     <span class='ocr_line' id='line_1_23' title="bbox 82 2679 1325 2756; baseline 0.002 -21"><span class='ocrx_word' id='word_1_198' title='bbox 82 2733 88 2756; x_wconf 58' lang='grc'><em>,</em></span> <span class='ocrx_word' id='word_1_199' title='bbox 211 2699 273 2752; x_wconf 83' lang='lat' dir='ltr'><strong>gum</strong></span> <span class='ocrx_word' id='word_1_200' title='bbox 288 2688 316 2735; x_wconf 90' lang='lat' dir='ltr'><strong>et</strong></span> <span class='ocrx_word' id='word_1_201' title='bbox 331 2682 425 2736; x_wconf 86' lang='lat' dir='ltr'><strong>iuriusn</strong></span> <span class='ocrx_word' id='word_1_202' title='bbox 441 2699 533 2735; x_wconf 79' lang='lat' dir='ltr'><strong>securo</strong></span> <span class='ocrx_word' id='word_1_203' title='bbox 549 2682 692 2736; x_wconf 71' lang='lat' dir='ltr'><strong>necessitas</strong></span> <span class='ocrx_word' id='word_1_204' title='bbox 708 2681 735 2734; x_wconf 91' lang='lat' dir='ltr'><strong>in</strong></span> <span class='ocrx_word' id='word_1_205' title='bbox 752 2687 867 2734; x_wconf 79' lang='lat' dir='ltr'><strong>extreme</strong></span> <span class='ocrx_word' id='word_1_206' title='bbox 882 2679 991 2736; x_wconf 83' lang='lat' dir='ltr'><strong>omoislm</strong></span> <span class='ocrx_word' id='word_1_207' title='bbox 1007 2681 1165 2752; x_wconf 83' lang='lat' dir='ltr'><strong>reipublioee</strong></span> <span class='ocrx_word' id='word_1_208' title='bbox 1177 2682 1325 2737; x_wconf 85' lang='lat' dir='ltr'><strong>celemitete</strong></span> 
     </span>
     <span class='ocr_line' id='line_1_24' title="bbox 212 2749 1324 2822; baseline 0.002 -18"><span class='ocrx_word' id='word_1_209' title='bbox 212 2759 350 2822; x_wconf 86' lang='lat' dir='ltr'><strong>utcumque</strong></span> <span class='ocrx_word' id='word_1_210' title='bbox 367 2751 500 2804; x_wconf 87' lang='lat' dir='ltr'><strong>tolersbile</strong></span> <span class='ocrx_word' id='word_1_211' title='bbox 517 2757 682 2815; x_wconf 81' lang='lat' dir='ltr'><strong>monstraret,</strong></span> <span class='ocrx_word' id='word_1_212' title='bbox 698 2768 756 2804; x_wconf 90' lang='lat' dir='ltr'><strong>sese</strong></span> <span class='ocrx_word' id='word_1_213' title='bbox 773 2750 903 2804; x_wconf 89' lang='lat' dir='ltr'><strong>consilium</strong></span> <span class='ocrx_word' id='word_1_214' title='bbox 920 2749 1048 2804; x_wconf 80' lang='lat' dir='ltr'><strong>olierebot</strong></span> <span class='ocrx_word' id='word_1_215' title='bbox 1066 2751 1120 2804; x_wconf 84' lang='lat' dir='ltr'><strong>tole</strong></span> <span class='ocrx_word' id='word_1_216' title='bbox 1138 2749 1276 2822; x_wconf 72' lang='lat' dir='ltr'><strong>quoddam,</strong></span> <span class='ocrx_word' id='word_1_217' title='bbox 1293 2757 1324 2806; x_wconf 90' lang='lat' dir='ltr'><strong>ot</strong></span> 
     </span>
     <span class='ocr_line' id='line_1_25' title="bbox 209 2820 1324 2891; baseline 0.001 -17"><span class='ocrx_word' id='word_1_218' title='bbox 209 2821 345 2890; x_wconf 82' lang='lat' dir='ltr'><strong>pensiones</strong></span> <span class='ocrx_word' id='word_1_219' title='bbox 362 2835 430 2891; x_wconf 84' lang='lat' dir='ltr'><strong>quoe</strong></span> <span class='ocrx_word' id='word_1_220' title='bbox 447 2820 531 2874; x_wconf 81' lang='lat' dir='ltr'><strong>adbuc</strong></span> <span class='ocrx_word' id='word_1_221' title='bbox 548 2839 563 2873; x_wconf 89' lang='lat' dir='ltr'><strong>e</strong></span> <span class='ocrx_word' id='word_1_222' title='bbox 580 2821 643 2874; x_wconf 88' lang='lat' dir='ltr'><strong>tisoo</strong></span> <span class='ocrx_word' id='word_1_223' title='bbox 659 2821 820 2874; x_wconf 82' lang='lat' dir='ltr'><strong>solverentur</strong></span> <span class='ocrx_word' id='word_1_224' title='bbox 837 2835 925 2873; x_wconf 85' lang='lat' dir='ltr'><strong>omnes</strong></span> <span class='ocrx_word' id='word_1_225' title='bbox 944 2822 1044 2872; x_wconf 88' lang='lat' dir='ltr'><strong>omnino</strong></span> <span class='ocrx_word' id='word_1_226' title='bbox 1060 2820 1210 2890; x_wconf 83' lang='lat' dir='ltr'><strong>quibusvis,</strong></span> <span class='ocrx_word' id='word_1_227' title='bbox 1237 2837 1324 2875; x_wconf 85' lang='lat' dir='ltr'><strong>mous-</strong></span> 
     </span>
     <span class='ocr_line' id='line_1_26' title="bbox 209 2887 1323 2959; baseline -0.001 -16"><span class='ocrx_word' id='word_1_228' title='bbox 209 2889 296 2943; x_wconf 85' lang='lat' dir='ltr'><strong>steriis</strong></span> <span class='ocrx_word' id='word_1_229' title='bbox 313 2889 390 2944; x_wconf 83' lang='lat' dir='ltr'><strong>etiem</strong></span> <span class='ocrx_word' id='word_1_230' title='bbox 415 2893 442 2942; x_wconf 84' lang='lat' dir='ltr'><strong>et</strong></span> <span class='ocrx_word' id='word_1_231' title='bbox 459 2887 591 2956; x_wconf 84' lang='lat' dir='ltr'><strong>ecclesiis,</strong></span> <span class='ocrx_word' id='word_1_232' title='bbox 614 2895 861 2959; x_wconf 73' lang='lat' dir='ltr'><strong>auctoramentuque</strong></span> <span class='ocrx_word' id='word_1_233' title='bbox 885 2887 949 2943; x_wconf 82' lang='lat' dir='ltr'><strong>odeo</strong></span> <span class='ocrx_word' id='word_1_234' title='bbox 968 2894 1024 2958; x_wconf 82' lang='lat' dir='ltr'><strong>lpse</strong></span> <span class='ocrx_word' id='word_1_235' title='bbox 1041 2890 1260 2958; x_wconf 74' lang='lat' dir='ltr'><strong>praetorianorum</strong></span> <span class='ocrx_word' id='word_1_236' title='bbox 1277 2890 1323 2942; x_wconf 87' lang='lat' dir='ltr'><strong>im·</strong></span> 
     </span>
     <span class='ocr_line' id='line_1_27' title="bbox 208 2958 1324 3034; baseline 0.001 -24"><span class='ocrx_word' id='word_1_237' title='bbox 208 2964 356 3034; x_wconf 79' lang='lat' dir='ltr'><strong>perstorem</strong></span> <span class='ocrx_word' id='word_1_238' title='bbox 373 2958 580 3026; x_wconf 77' lang='lat' dir='ltr'><strong>custodientium,</strong></span> <span class='ocrx_word' id='word_1_239' title='bbox 596 2959 671 3012; x_wconf 88' lang='lat' dir='ltr'><strong>unico</strong></span> <span class='ocrx_word' id='word_1_240' title='bbox 687 2975 720 3012; x_wconf 86' lang='lat' dir='ltr'><strong>ex</strong></span> <span class='ocrx_word' id='word_1_241' title='bbox 737 2959 854 3013; x_wconf 86' lang='lat' dir='ltr'><strong>omnibus</strong></span> <span class='ocrx_word' id='word_1_242' title='bbox 871 2963 981 3030; x_wconf 83' lang='lat' dir='ltr'><strong>excepto</strong></span> <span class='ocrx_word' id='word_1_243' title='bbox 993 2958 1061 3028; x_wconf 90' lang='lat' dir='ltr'><strong>qood</strong></span> <span class='ocrx_word' id='word_1_244' title='bbox 1075 2959 1261 3012; x_wconf 84' lang='lat' dir='ltr'><strong>monoccllicom</strong></span> <span class='ocrx_word' id='word_1_245' title='bbox 1275 2975 1324 3028; x_wconf 86' lang='lat' dir='ltr'><strong>ep-</strong></span> 
     </span>
     <span class='ocr_line' id='line_1_28' title="bbox 208 3026 1324 3114; baseline -0.001 -33"><span class='ocrx_word' id='word_1_246' title='bbox 208 3028 315 3098; x_wconf 88' lang='lat' dir='ltr'><strong>pellent‚</strong></span> <span class='ocrx_word' id='word_1_247' title='bbox 330 3026 437 3081; x_wconf 86' lang='lat' dir='ltr'><strong>dominis</strong></span> <span class='ocrx_word' id='word_1_248' title='bbox 454 3043 521 3082; x_wconf 87' lang='lat' dir='ltr'><strong>nuno</strong></span> <span class='ocrx_word' id='word_1_249' title='bbox 538 3037 565 3082; x_wconf 87' lang='lat' dir='ltr'><strong>et</strong></span> <span class='ocrx_word' id='word_1_250' title='bbox 581 3029 772 3114; x_wconf 74' lang='lat' dir='ltr'><strong>possessoribus</strong></span> <span class='ocrx_word' id='word_1_251' title='bbox 789 3043 876 3082; x_wconf 84' lang='lat' dir='ltr'><strong>eorum</strong></span> <span class='ocrx_word' id='word_1_252' title='bbox 892 3028 928 3080; x_wconf 87' lang='lat' dir='ltr'><strong>ed</strong></span> <span class='ocrx_word' id='word_1_253' title='bbox 944 3034 1046 3097; x_wconf 87' lang='lat' dir='ltr'><strong>tempos</strong></span> <span class='ocrx_word' id='word_1_254' title='bbox 1062 3029 1221 3092; x_wconf 81' lang='lat' dir='ltr'><strong>cedentibus,</strong></span> <span class='ocrx_word' id='word_1_255' title='bbox 1238 3033 1324 3080; x_wconf 83' lang='lat' dir='ltr'><strong>verte·</strong></span> 
     </span>
     <span class='ocr_line' id='line_1_29' title="bbox 207 3095 1325 3168; baseline -0.001 -18"><span class='ocrx_word' id='word_1_256' title='bbox 207 3104 298 3151; x_wconf 88' lang='lat' dir='ltr'><strong>rentur</strong></span> <span class='ocrx_word' id='word_1_257' title='bbox 314 3096 340 3150; x_wconf 91' lang='lat' dir='ltr'><strong>in</strong></span> <span class='ocrx_word' id='word_1_258' title='bbox 356 3097 485 3168; x_wconf 82' lang='lat' dir='ltr'><strong>stipendio</strong></span> <span class='ocrx_word' id='word_1_259' title='bbox 501 3099 729 3168; x_wconf 80' lang='lat' dir='ltr'><strong>conquirendorum</strong></span> <span class='ocrx_word' id='word_1_260' title='bbox 747 3097 922 3168; x_wconf 77' lang='lat' dir='ltr'><strong>undecumque</strong></span> <span class='ocrx_word' id='word_1_261' title='bbox 938 3096 1054 3161; x_wconf 87' lang='lat' dir='ltr'><strong>militum,</strong></span> <span class='ocrx_word' id='word_1_262' title='bbox 1071 3113 1136 3167; x_wconf 90' lang='lat' dir='ltr'><strong>qnos</strong></span> <span class='ocrx_word' id='word_1_263' title='bbox 1152 3097 1196 3166; x_wconf 92' lang='lat' dir='ltr'><strong>qui</strong></span> <span class='ocrx_word' id='word_1_264' title='bbox 1212 3095 1252 3149; x_wconf 89' lang='lat' dir='ltr'><strong>sio</strong></span> <span class='ocrx_word' id='word_1_265' title='bbox 1268 3095 1325 3150; x_wconf 84' lang='lat' dir='ltr'><strong>ele-</strong></span> 
     </span>
     <span class='ocr_line' id='line_1_30' title="bbox 207 3165 1324 3238; baseline -0.001 -19"><span class='ocrx_word' id='word_1_266' title='bbox 207 3175 268 3220; x_wconf 87' lang='lat' dir='ltr'><strong>rent</strong></span> <span class='ocrx_word' id='word_1_267' title='bbox 284 3166 397 3238; x_wconf 87' lang='lat' dir='ltr'><strong>propriis</strong></span> <span class='ocrx_word' id='word_1_268' title='bbox 413 3167 439 3219; x_wconf 89' lang='lat' dir='ltr'><strong>in</strong></span> <span class='ocrx_word' id='word_1_269' title='bbox 456 3183 502 3220; x_wconf 89' lang='lat' dir='ltr'><strong>eos</strong></span> <span class='ocrx_word' id='word_1_270' title='bbox 518 3168 682 3236; x_wconf 86' lang='lat' dir='ltr'><strong>pensionibus</strong></span> <span class='ocrx_word' id='word_1_271' title='bbox 699 3165 840 3232; x_wconf 86' lang='lat' dir='ltr'><strong>trsnslotis,</strong></span> <span class='ocrx_word' id='word_1_272' title='bbox 853 3181 940 3218; x_wconf 89' lang='lat' dir='ltr'><strong>eorum</strong></span> <span class='ocrx_word' id='word_1_273' title='bbox 958 3165 1008 3218; x_wconf 89' lang='lat' dir='ltr'><strong>sibi</strong></span> <span class='ocrx_word' id='word_1_274' title='bbox 1025 3166 1222 3218; x_wconf 82' lang='lat' dir='ltr'><strong>substitutorum</strong></span> <span class='ocrx_word' id='word_1_275' title='bbox 1240 3165 1324 3218; x_wconf 82' lang='lat' dir='ltr'><strong>moni·</strong></span> 
     </span>
     <span class='ocr_line' id='line_1_31' title="bbox 207 3233 1323 3318; baseline -0.001 -29"><span class='ocrx_word' id='word_1_276' title='bbox 207 3236 256 3289; x_wconf 90' lang='lat' dir='ltr'><strong>bus</strong></span> <span class='ocrx_word' id='word_1_277' title='bbox 273 3251 399 3318; x_wconf 70' lang='lat' dir='ltr'><strong>pugnero,</strong></span> <span class='ocrx_word' id='word_1_278' title='bbox 416 3235 480 3289; x_wconf 88' lang='lat' dir='ltr'><strong>licet</strong></span> <span class='ocrx_word' id='word_1_279' title='bbox 497 3235 563 3290; x_wconf 90' lang='lat' dir='ltr'><strong>domi</strong></span> <span class='ocrx_word' id='word_1_280' title='bbox 581 3243 730 3301; x_wconf 81' lang='lat' dir='ltr'><strong>mouentes,</strong></span> <span class='ocrx_word' id='word_1_281' title='bbox 756 3243 784 3289; x_wconf 87' lang='lat' dir='ltr'><strong>et</strong></span> <span class='ocrx_word' id='word_1_282' title='bbox 807 3242 860 3288; x_wconf 80' lang='lat' dir='ltr'><strong>teus</strong></span> <span class='ocrx_word' id='word_1_283' title='bbox 884 3233 1031 3289; x_wconf 75' lang='lat' dir='ltr'><strong>necessario</strong></span> <span class='ocrx_word' id='word_1_284' title='bbox 1048 3241 1165 3304; x_wconf 86' lang='lat' dir='ltr'><strong>tempore</strong></span> <span class='ocrx_word' id='word_1_285' title='bbox 1181 3234 1251 3288; x_wconf 82' lang='lat' dir='ltr'><strong>tueri</strong></span> <span class='ocrx_word' id='word_1_286' title='bbox 1268 3249 1323 3288; x_wconf 86' lang='lat' dir='ltr'><strong>rem</strong></span> 
     </span>
     <span class='ocr_line' id='line_1_32' title="bbox 206 3299 1321 3376; baseline 0 -18"><span class='ocrx_word' id='word_1_287' title='bbox 206 3307 235 3358; x_wconf 90' lang='lat' dir='ltr'><strong>et</strong></span> <span class='ocrx_word' id='word_1_288' title='bbox 252 3305 379 3375; x_wconf 86' lang='lat' dir='ltr'><strong>poblsosns</strong></span> <span class='ocrx_word' id='word_1_289' title='bbox 395 3312 422 3357; x_wconf 90' lang='lat' dir='ltr'><strong>et</strong></span> <span class='ocrx_word' id='word_1_290' title='bbox 445 3305 574 3374; x_wconf 74' lang='lat' dir='ltr'><strong>privatum</strong></span> <span class='ocrx_word' id='word_1_291' title='bbox 598 3305 708 3376; x_wconf 86' lang='lat' dir='ltr'><strong>quisque</strong></span> <span class='ocrx_word' id='word_1_292' title='bbox 724 3321 796 3358; x_wconf 82' lang='lat' dir='ltr'><strong>suam</strong></span> <span class='ocrx_word' id='word_1_293' title='bbox 813 3303 978 3370; x_wconf 84' lang='lat' dir='ltr'><strong>siderentur,</strong></span> <span class='ocrx_word' id='word_1_294' title='bbox 1001 3301 1092 3357; x_wconf 78' lang='lat' dir='ltr'><strong>solutio</strong></span> <span class='ocrx_word' id='word_1_295' title='bbox 1110 3305 1226 3357; x_wconf 73' lang='lat' dir='ltr'><strong>iacturae</strong></span> <span class='ocrx_word' id='word_1_296' title='bbox 1244 3309 1271 3357; x_wconf 90' lang='lat' dir='ltr'><strong>et</strong></span> <span class='ocrx_word' id='word_1_297' title='bbox 1287 3299 1321 3358; x_wconf 84' lang='lat' dir='ltr'><strong>ed</strong></span> 
     </span>
     <span class='ocr_line' id='line_1_33' title="bbox 206 3371 1321 3444; baseline -0.003 -16"><span class='ocrx_word' id='word_1_298' title='bbox 206 3371 294 3428; x_wconf 85' lang='lat' dir='ltr'><strong>dsurni</strong></span> <span class='ocrx_word' id='word_1_299' title='bbox 310 3371 461 3444; x_wconf 87' lang='lat' dir='ltr'><strong>potientium</strong></span> <span class='ocrx_word' id='word_1_300' title='bbox 476 3373 605 3427; x_wconf 85' lang='lat' dir='ltr'><strong>incentivo</strong></span> <span class='ocrx_word' id='word_1_301' title='bbox 622 3391 672 3428; x_wconf 90' lang='lat' dir='ltr'><strong>non</strong></span> <span class='ocrx_word' id='word_1_302' title='bbox 689 3374 798 3428; x_wconf 90' lang='lat' dir='ltr'><strong>modico.</strong></span> <span class='ocrx_word' id='word_1_303' title='bbox 833 3389 946 3428; x_wconf 82' lang='lat' dir='ltr'><strong>sonuere</strong></span> <span class='ocrx_word' id='word_1_304' title='bbox 970 3372 1009 3426; x_wconf 89' lang='lat' dir='ltr'><strong>bis</strong></span> <span class='ocrx_word' id='word_1_305' title='bbox 1029 3379 1056 3424; x_wconf 88' lang='lat' dir='ltr'><strong>et</strong></span> <span class='ocrx_word' id='word_1_306' title='bbox 1072 3375 1185 3444; x_wconf 79' lang='lat' dir='ltr'><strong>probare</strong></span> <span class='ocrx_word' id='word_1_307' title='bbox 1201 3372 1270 3444; x_wconf 89' lang='lat' dir='ltr'><strong>quod</strong></span> <span class='ocrx_word' id='word_1_308' title='bbox 1287 3372 1321 3426; x_wconf 86' lang='lat' dir='ltr'><strong>ed</strong></span> 
     </span>
     <span class='ocr_line' id='line_1_34' title="bbox 208 3440 1323 3564; baseline 0 -68"><span class='ocrx_word' id='word_1_309' title='bbox 208 3457 238 3496; x_wconf 88' lang='lat' dir='ltr'><strong>se</strong></span> <span class='ocrx_word' id='word_1_310' title='bbox 254 3441 386 3509; x_wconf 77' lang='lat' dir='ltr'><strong>attineret,</strong></span> <span class='ocrx_word' id='word_1_311' title='bbox 402 3447 524 3564; x_wconf 88' lang='lat' dir='ltr'><strong>qusntum</strong></span> <span class='ocrx_word' id='word_1_312' title='bbox 542 3449 599 3496; x_wconf 83' lang='lat' dir='ltr'><strong>eret</strong></span> <span class='ocrx_word' id='word_1_313' title='bbox 616 3443 648 3497; x_wconf 95' lang='lat' dir='ltr'><strong>de</strong></span> <span class='ocrx_word' id='word_1_314' title='bbox 663 3441 823 3498; x_wconf 87' lang='lat' dir='ltr'><strong>monesteriis</strong></span> <span class='ocrx_word' id='word_1_315' title='bbox 840 3449 868 3496; x_wconf 92' lang='lat' dir='ltr'><strong>et</strong></span> <span class='ocrx_word' id='word_1_316' title='bbox 884 3442 1001 3496; x_wconf 87' lang='lat' dir='ltr'><strong>ecclesiis</strong></span> <span class='ocrx_word' id='word_1_317' title='bbox 1017 3440 1157 3508; x_wconf 85' lang='lat' dir='ltr'><strong>decretum,</strong></span> <span class='ocrx_word' id='word_1_318' title='bbox 1173 3441 1323 3511; x_wconf 83' lang='lat' dir='ltr'><strong>significere</strong></span> 
     </span>
     <span class='ocr_line' id='line_1_35' title="bbox 208 3511 1323 3582; baseline -0.001 -17"><span class='ocrx_word' id='word_1_319' title='bbox 208 3511 279 3565; x_wconf 84' lang='lat' dir='ltr'><strong>risos</strong></span> <span class='ocrx_word' id='word_1_320' title='bbox 295 3511 411 3582; x_wconf 81' lang='lat' dir='ltr'><strong>potrierc</strong></span> <span class='ocrx_word' id='word_1_321' title='bbox 428 3529 445 3565; x_wconf 86' lang='lat' dir='ltr'><strong>e</strong></span> <span class='ocrx_word' id='word_1_322' title='bbox 461 3517 518 3579; x_wconf 84' lang='lat' dir='ltr'><strong>est,</strong></span> <span class='ocrx_word' id='word_1_323' title='bbox 536 3512 615 3566; x_wconf 90' lang='lat' dir='ltr'><strong>misso</strong></span> <span class='ocrx_word' id='word_1_324' title='bbox 636 3513 670 3565; x_wconf 85' lang='lat' dir='ltr'><strong>ed</strong></span> <span class='ocrx_word' id='word_1_325' title='bbox 690 3515 831 3582; x_wconf 78' lang='lat' dir='ltr'><strong>Augustum</strong></span> <span class='ocrx_word' id='word_1_326' title='bbox 849 3513 923 3566; x_wconf 85' lang='lat' dir='ltr'><strong>olene</strong></span> <span class='ocrx_word' id='word_1_327' title='bbox 938 3527 1024 3576; x_wconf 86' lang='lat' dir='ltr'><strong>remo,</strong></span> <span class='ocrx_word' id='word_1_328' title='bbox 1040 3511 1109 3565; x_wconf 92' lang='lat' dir='ltr'><strong>nullo</strong></span> <span class='ocrx_word' id='word_1_329' title='bbox 1126 3511 1206 3564; x_wconf 86' lang='lat' dir='ltr'><strong>serbo</strong></span> <span class='ocrx_word' id='word_1_330' title='bbox 1224 3511 1323 3565; x_wconf 84' lang='lat' dir='ltr'><strong>eddito.</strong></span> 
     </span>
     <span class='ocr_line' id='line_1_36' title="bbox 208 3577 1323 3664; baseline 0.003 -31"><span class='ocrx_word' id='word_1_331' title='bbox 208 3581 236 3634; x_wconf 91' lang='lat' dir='ltr'><strong>ld</strong></span> <span class='ocrx_word' id='word_1_332' title='bbox 253 3579 331 3664; x_wconf 87' lang='lat' dir='ltr'><strong>quod,</strong></span> <span class='ocrx_word' id='word_1_333' title='bbox 348 3598 396 3650; x_wconf 88' lang='lat' dir='ltr'><strong>pro</strong></span> <span class='ocrx_word' id='word_1_334' title='bbox 412 3579 511 3650; x_wconf 72' lang='lat' dir='ltr'><strong>ingenti</strong></span> <span class='ocrx_word' id='word_1_335' title='bbox 528 3599 581 3653; x_wconf 90' lang='lat' dir='ltr'><strong>qus</strong></span> <span class='ocrx_word' id='word_1_336' title='bbox 597 3589 803 3652; x_wconf 74' lang='lat' dir='ltr'><strong>praeoccupatus</strong></span> <span class='ocrx_word' id='word_1_337' title='bbox 819 3581 981 3635; x_wconf 73' lang='lat' dir='ltr'><strong>Andronicus</strong></span> <span class='ocrx_word' id='word_1_338' title='bbox 1005 3583 1062 3634; x_wconf 83' lang='lat' dir='ltr'><strong>eret</strong></span> <span class='ocrx_word' id='word_1_339' title='bbox 1079 3577 1211 3634; x_wconf 74' lang='lat' dir='ltr'><strong>ltbenusii</strong></span> <span class='ocrx_word' id='word_1_340' title='bbox 1234 3579 1323 3636; x_wconf 85' lang='lat' dir='ltr'><strong>existi-</strong></span> 
     </span>
     <span class='ocr_line' id='line_1_37' title="bbox 208 3649 1323 3720; baseline 0.001 -18"><span class='ocrx_word' id='word_1_341' title='bbox 208 3655 320 3703; x_wconf 81' lang='lat' dir='ltr'><strong>mutrono</strong></span> <span class='ocrx_word' id='word_1_342' title='bbox 336 3667 369 3702; x_wconf 84' lang='lat' dir='ltr'><strong>oc</strong></span> <span class='ocrx_word' id='word_1_343' title='bbox 385 3649 547 3716; x_wconf 72' lang='lat' dir='ltr'><strong>reverentia,</strong></span> <span class='ocrx_word' id='word_1_344' title='bbox 569 3651 684 3720; x_wconf 78' lang='lat' dir='ltr'><strong>mysterii</strong></span> <span class='ocrx_word' id='word_1_345' title='bbox 699 3654 757 3705; x_wconf 91' lang='lat' dir='ltr'><strong>loco</strong></span> <span class='ocrx_word' id='word_1_346' title='bbox 774 3651 808 3705; x_wconf 85' lang='lat' dir='ltr'><strong>eb</strong></span> <span class='ocrx_word' id='word_1_347' title='bbox 826 3667 857 3704; x_wconf 89' lang='lat' dir='ltr'><strong>eo</strong></span> <span class='ocrx_word' id='word_1_348' title='bbox 875 3650 989 3705; x_wconf 81' lang='lat' dir='ltr'><strong>hobitum</strong></span> <span class='ocrx_word' id='word_1_349' title='bbox 1007 3654 1034 3703; x_wconf 90' lang='lat' dir='ltr'><strong>et</strong></span> <span class='ocrx_word' id='word_1_350' title='bbox 1049 3649 1076 3702; x_wconf 86' lang='lat' dir='ltr'><strong>io</strong></span> <span class='ocrx_word' id='word_1_351' title='bbox 1093 3667 1150 3704; x_wconf 88' lang='lat' dir='ltr'><strong>eom</strong></span> <span class='ocrx_word' id='word_1_352' title='bbox 1167 3649 1266 3704; x_wconf 87' lang='lat' dir='ltr'><strong>scilicet</strong></span> <span class='ocrx_word' id='word_1_353' title='bbox 1282 3649 1323 3703; x_wconf 91' lang='lat' dir='ltr'><strong>in·</strong></span> 
     </span>
     <span class='ocr_line' id='line_1_38' title="bbox 207 3717 1324 3808; baseline -0.001 -37"><span class='ocrx_word' id='word_1_354' title='bbox 207 3717 418 3790; x_wconf 87' lang='lat' dir='ltr'><strong>terpretetiouem</strong></span> <span class='ocrx_word' id='word_1_355' title='bbox 441 3727 544 3792; x_wconf 84' lang='lat' dir='ltr'><strong>septum</strong></span> <span class='ocrx_word' id='word_1_356' title='bbox 568 3725 624 3786; x_wconf 87' lang='lat' dir='ltr'><strong>cst,</strong></span> <span class='ocrx_word' id='word_1_357' title='bbox 641 3728 680 3804; x_wconf 44' lang='lat' dir='ltr'><strong>&#39;ut</strong></span> <span class='ocrx_word' id='word_1_358' title='bbox 697 3719 776 3808; x_wconf 73' lang='lat' dir='ltr'><strong>brevi</strong></span> <span class='ocrx_word' id='word_1_359' title='bbox 799 3726 946 3804; x_wconf 69' lang='lat' dir='ltr'><strong>secuturum</strong></span> <span class='ocrx_word' id='word_1_360' title='bbox 968 3735 1000 3773; x_wconf 84' lang='lat' dir='ltr'><strong>ex</strong></span> <span class='ocrx_word' id='word_1_361' title='bbox 1018 3719 1094 3773; x_wconf 87' lang='lat' dir='ltr'><strong>buius</strong></span> <span class='ocrx_word' id='word_1_362' title='bbox 1110 3719 1206 3774; x_wconf 79' lang='lat' dir='ltr'><strong>ellectu</strong></span> <span class='ocrx_word' id='word_1_363' title='bbox 1224 3718 1324 3773; x_wconf 86' lang='lat' dir='ltr'><strong>consilii</strong></span> 
     </span>
     <span class='ocr_line' id='line_1_39' title="bbox 207 3789 1324 3930; baseline 0 -22"><span class='ocrx_word' id='word_1_364' title='bbox 207 3805 269 3909; x_wconf 73' lang='lat' dir='ltr'><strong>tt·</strong></span> <span class='ocrx_word' id='word_1_365' title='bbox 288 3805 362 3911; x_wconf 72' lang='lat' dir='ltr'><strong>itt</strong></span> <span class='ocrx_word' id='word_1_366' title='bbox 377 3789 1130 3930; x_wconf 55' lang='lat' dir='ltr'><strong>lutterulis”iltutntffttt&#39;ltuultu.</strong></span> <span class='ocrx_word' id='word_1_367' title='bbox 1149 3789 1324 3927; x_wconf 63' lang='lat' dir='ltr'><strong>titillat</strong></span> 
     </span>
     <span class='ocr_line' id='line_1_40' title="bbox 207 3925 1322 4008; baseline -0.002 -29"><span class='ocrx_word' id='word_1_368' title='bbox 207 3931 252 3979; x_wconf 84' lang='lat' dir='ltr'><strong>rut</strong></span> <span class='ocrx_word' id='word_1_369' title='bbox 268 3925 343 3981; x_wconf 88' lang='lat' dir='ltr'><strong>istius</strong></span> <span class='ocrx_word' id='word_1_370' title='bbox 366 3925 466 3981; x_wconf 86' lang='lat' dir='ltr'><strong>decreti</strong></span> <span class='ocrx_word' id='word_1_371' title='bbox 491 3927 610 3982; x_wconf 81' lang='lat' dir='ltr'><strong>executio</strong></span> <span class='ocrx_word' id='word_1_372' title='bbox 637 3929 765 3982; x_wconf 79' lang='lat' dir='ltr'><strong>mandute.</strong></span> <span class='ocrx_word' id='word_1_373' title='bbox 799 3927 903 3983; x_wconf 88' lang='lat' dir='ltr'><strong>interim</strong></span> <span class='ocrx_word' id='word_1_374' title='bbox 929 3934 1014 3982; x_wconf 87' lang='lat' dir='ltr'><strong>sutem</strong></span> <span class='ocrx_word' id='word_1_375' title='bbox 1031 3927 1128 3980; x_wconf 86' lang='lat' dir='ltr'><strong>Persue</strong></span> <span class='ocrx_word' id='word_1_376' title='bbox 1144 3927 1322 4008; x_wconf 86' lang='lat' dir='ltr'><strong>undecumque</strong></span> 
     </span>
     <span class='ocr_line' id='line_1_41' title="bbox 207 3993 1322 4070; baseline -0.001 -23"><span class='ocrx_word' id='word_1_377' title='bbox 207 3993 353 4060; x_wconf 85' lang='lat' dir='ltr'><strong>irruentes,</strong></span> <span class='ocrx_word' id='word_1_378' title='bbox 374 4012 440 4066; x_wconf 90' lang='lat' dir='ltr'><strong>quos</strong></span> <span class='ocrx_word' id='word_1_379' title='bbox 465 3997 567 4068; x_wconf 88' lang='lat' dir='ltr'><strong>quidem</strong></span> <span class='ocrx_word' id='word_1_380' title='bbox 590 4003 735 4052; x_wconf 82' lang='lat' dir='ltr'><strong>nostrorum</strong></span> <span class='ocrx_word' id='word_1_381' title='bbox 758 3997 863 4068; x_wconf 85' lang='lat' dir='ltr'><strong>usseqni</strong></span> <span class='ocrx_word' id='word_1_382' title='bbox 889 4003 1012 4070; x_wconf 87' lang='lat' dir='ltr'><strong>potuere,</strong></span> <span class='ocrx_word' id='word_1_383' title='bbox 1037 3999 1202 4066; x_wconf 88' lang='lat' dir='ltr'><strong>peremerunt</strong></span> <span class='ocrx_word' id='word_1_384' title='bbox 1218 3994 1322 4064; x_wconf 69' lang='lat' dir='ltr'><strong>glsdsoe</strong></span> 
     </span>
     <span class='ocr_line' id='line_1_42' title="bbox 208 4063 1322 4150; baseline 0 -34"><span class='ocrx_word' id='word_1_385' title='bbox 208 4063 262 4130; x_wconf 87' lang='lat' dir='ltr'><strong>elii,</strong></span> <span class='ocrx_word' id='word_1_386' title='bbox 280 4063 373 4150; x_wconf 79' lang='lat' dir='ltr'><strong>quibus</strong></span> <span class='ocrx_word' id='word_1_387' title='bbox 389 4065 459 4119; x_wconf 85' lang='lat' dir='ltr'><strong>sires</strong></span> <span class='ocrx_word' id='word_1_388' title='bbox 475 4065 509 4119; x_wconf 87' lang='lat' dir='ltr'><strong>ed</strong></span> <span class='ocrx_word' id='word_1_389' title='bbox 526 4067 614 4134; x_wconf 76' lang='lat' dir='ltr'><strong>iuqsm</strong></span> <span class='ocrx_word' id='word_1_390' title='bbox 630 4081 681 4120; x_wconf 90' lang='lat' dir='ltr'><strong>non</strong></span> <span class='ocrx_word' id='word_1_391' title='bbox 698 4067 824 4132; x_wconf 86' lang='lat' dir='ltr'><strong>deluere,</strong></span> <span class='ocrx_word' id='word_1_392' title='bbox 839 4070 995 4150; x_wconf 82' lang='lat' dir='ltr'><strong>receperunt</strong></span> <span class='ocrx_word' id='word_1_393' title='bbox 1010 4081 1070 4119; x_wconf 89' lang='lat' dir='ltr'><strong>sese</strong></span> <span class='ocrx_word' id='word_1_394' title='bbox 1085 4065 1155 4120; x_wconf 75' lang='lat' dir='ltr'><strong>intre</strong></span> <span class='ocrx_word' id='word_1_395' title='bbox 1171 4064 1322 4118; x_wconf 88' lang='lat' dir='ltr'><strong>munitiones</strong></span> 
     </span>
     <span class='ocr_line' id='line_1_43' title="bbox 210 4131 1323 4206; baseline 0 -20"><span class='ocrx_word' id='word_1_396' title='bbox 210 4131 312 4203; x_wconf 75' lang='lat' dir='ltr'><strong>Cyzici,</strong></span> <span class='ocrx_word' id='word_1_397' title='bbox 349 4151 396 4188; x_wconf 87' lang='lat' dir='ltr'><strong>uos</strong></span> <span class='ocrx_word' id='word_1_398' title='bbox 412 4151 504 4188; x_wconf 88' lang='lat' dir='ltr'><strong>recens</strong></span> <span class='ocrx_word' id='word_1_399' title='bbox 520 4135 618 4189; x_wconf 77' lang='lat' dir='ltr'><strong>solides</strong></span> <span class='ocrx_word' id='word_1_400' title='bbox 637 4140 758 4188; x_wconf 73' lang='lat' dir='ltr'><strong>erexerat</strong></span> <span class='ocrx_word' id='word_1_401' title='bbox 775 4135 831 4189; x_wconf 88' lang='lat' dir='ltr'><strong>eius</strong></span> <span class='ocrx_word' id='word_1_402' title='bbox 847 4136 918 4189; x_wconf 81' lang='lat' dir='ltr'><strong>urbis</strong></span> <span class='ocrx_word' id='word_1_403' title='bbox 935 4151 1043 4206; x_wconf 73' lang='lat' dir='ltr'><strong>praeses</strong></span> <span class='ocrx_word' id='word_1_404' title='bbox 1061 4135 1176 4205; x_wconf 89' lang='lat' dir='ltr'><strong>Nlpbon,</strong></span> <span class='ocrx_word' id='word_1_405' title='bbox 1194 4133 1236 4186; x_wconf 83' lang='lat' dir='ltr'><strong>vir</strong></span> <span class='ocrx_word' id='word_1_406' title='bbox 1252 4137 1323 4186; x_wconf 87' lang='lat' dir='ltr'><strong>stre·</strong></span> 
     </span>
     <span class='ocr_line' id='line_1_44' title="bbox 208 4203 1322 4276; baseline -0.003 -20"><span class='ocrx_word' id='word_1_407' title='bbox 208 4219 275 4256; x_wconf 88' lang='lat' dir='ltr'><strong>uuus</strong></span> <span class='ocrx_word' id='word_1_408' title='bbox 291 4207 319 4258; x_wconf 90' lang='lat' dir='ltr'><strong>et</strong></span> <span class='ocrx_word' id='word_1_409' title='bbox 379 4204 469 4273; x_wconf 85' lang='lat' dir='ltr'><strong>puucls</strong></span> <span class='ocrx_word' id='word_1_410' title='bbox 485 4203 575 4270; x_wconf 87' lang='lat' dir='ltr'><strong>solers,</strong></span> <span class='ocrx_word' id='word_1_411' title='bbox 593 4221 642 4257; x_wconf 85' lang='lat' dir='ltr'><strong>neo</strong></span> <span class='ocrx_word' id='word_1_412' title='bbox 656 4203 684 4258; x_wconf 87' lang='lat' dir='ltr'><strong>in</strong></span> <span class='ocrx_word' id='word_1_413' title='bbox 701 4203 878 4276; x_wconf 74' lang='lat' dir='ltr'><strong>spiritualibus</strong></span> <span class='ocrx_word' id='word_1_414' title='bbox 895 4205 976 4274; x_wconf 80' lang='lat' dir='ltr'><strong>mugit</strong></span> <span class='ocrx_word' id='word_1_415' title='bbox 988 4221 1064 4275; x_wconf 86' lang='lat' dir='ltr'><strong>qoem</strong></span> <span class='ocrx_word' id='word_1_416' title='bbox 1081 4203 1258 4258; x_wconf 85' lang='lat' dir='ltr'><strong>seeoulsribus</strong></span> <span class='ocrx_word' id='word_1_417' title='bbox 1274 4217 1322 4254; x_wconf 87' lang='lat' dir='ltr'><strong>ne-</strong></span> 
     </span>
     <span class='ocr_line' id='line_1_45' title="bbox 208 4271 1323 4344; baseline -0.001 -21"><span class='ocrx_word' id='word_1_418' title='bbox 208 4271 287 4340; x_wconf 76' lang='lat' dir='ltr'><strong>gotiis</strong></span> <span class='ocrx_word' id='word_1_419' title='bbox 303 4287 352 4344; x_wconf 78' lang='lat' dir='ltr'><strong>usn</strong></span> <span class='ocrx_word' id='word_1_420' title='bbox 369 4287 409 4326; x_wconf 89' lang='lat' dir='ltr'><strong>me</strong></span> <span class='ocrx_word' id='word_1_421' title='bbox 428 4289 460 4326; x_wconf 90' lang='lat' dir='ltr'><strong>no</strong></span> <span class='ocrx_word' id='word_1_422' title='bbox 477 4273 563 4328; x_wconf 86' lang='lat' dir='ltr'><strong>tritus.</strong></span> <span class='ocrx_word' id='word_1_423' title='bbox 596 4273 665 4328; x_wconf 85' lang='lat' dir='ltr'><strong>intru</strong></span> <span class='ocrx_word' id='word_1_424' title='bbox 681 4273 748 4327; x_wconf 86' lang='lat' dir='ltr'><strong>boec</strong></span> <span class='ocrx_word' id='word_1_425' title='bbox 764 4289 827 4344; x_wconf 73' lang='lat' dir='ltr'><strong>ergo</strong></span> <span class='ocrx_word' id='word_1_426' title='bbox 839 4274 994 4338; x_wconf 79' lang='lat' dir='ltr'><strong>munimento</strong></span> <span class='ocrx_word' id='word_1_427' title='bbox 1005 4273 1114 4328; x_wconf 83' lang='lat' dir='ltr'><strong>liomeni</strong></span> <span class='ocrx_word' id='word_1_428' title='bbox 1130 4289 1187 4326; x_wconf 86' lang='lat' dir='ltr'><strong>oum</strong></span> <span class='ocrx_word' id='word_1_429' title='bbox 1203 4287 1234 4326; x_wconf 91' lang='lat' dir='ltr'><strong>se</strong></span> <span class='ocrx_word' id='word_1_430' title='bbox 1250 4271 1323 4341; x_wconf 90' lang='lat' dir='ltr'><strong>ipsos</strong></span> 
     </span>
     <span class='ocr_line' id='line_1_46' title="bbox 210 4289 1323 4416; baseline 0.005 -26"><span class='ocrx_word' id='word_1_431' title='bbox 210 4353 242 4390; x_wconf 88' lang='lat' dir='ltr'><strong>so</strong></span> <span class='ocrx_word' id='word_1_432' title='bbox 259 4339 379 4409; x_wconf 80' lang='lat' dir='ltr'><strong>coniuges</strong></span> <span class='ocrx_word' id='word_1_433' title='bbox 396 4289 552 4412; x_wconf 60' lang='lat' dir='ltr'><strong>liierosque,</strong></span> <span class='ocrx_word' id='word_1_434' title='bbox 570 4347 624 4396; x_wconf 87' lang='lat' dir='ltr'><strong>tuso</strong></span> <span class='ocrx_word' id='word_1_435' title='bbox 642 4343 762 4398; x_wconf 86' lang='lat' dir='ltr'><strong>soimulis</strong></span> <span class='ocrx_word' id='word_1_436' title='bbox 778 4353 807 4397; x_wconf 90' lang='lat' dir='ltr'><strong>et</strong></span> <span class='ocrx_word' id='word_1_437' title='bbox 823 4342 945 4416; x_wconf 73' lang='lat' dir='ltr'><strong>reliquias</strong></span> <span class='ocrx_word' id='word_1_438' title='bbox 962 4341 1003 4396; x_wconf 89' lang='lat' dir='ltr'><strong>rei</strong></span> <span class='ocrx_word' id='word_1_439' title='bbox 1018 4342 1168 4410; x_wconf 83' lang='lat' dir='ltr'><strong>iomillsris,</strong></span> <span class='ocrx_word' id='word_1_440' title='bbox 1184 4357 1323 4415; x_wconf 84' lang='lat' dir='ltr'><strong>quoscum·</strong></span> 
     </span>
     <span class='ocr_line' id='line_1_47' title="bbox 209 4409 1053 4485; baseline 0.014 -26"><span class='ocrx_word' id='word_1_441' title='bbox 209 4421 261 4477; x_wconf 91' lang='lat' dir='ltr'><strong>que</strong></span> <span class='ocrx_word' id='word_1_442' title='bbox 276 4409 430 4464; x_wconf 70' lang='lat' dir='ltr'><strong>subtrabens</strong></span> <span class='ocrx_word' id='word_1_443' title='bbox 445 4411 529 4466; x_wconf 78' lang='lat' dir='ltr'><strong>furori</strong></span> <span class='ocrx_word' id='word_1_444' title='bbox 545 4411 682 4468; x_wconf 83' lang='lat' dir='ltr'><strong>berbsrloo</strong></span> <span class='ocrx_word' id='word_1_445' title='bbox 698 4412 850 4485; x_wconf 69' lang='lat' dir='ltr'><strong>summos,</strong></span> <span class='ocrx_word' id='word_1_446' title='bbox 868 4413 1053 4471; x_wconf 80' lang='lat' dir='ltr'><strong>conumermt</strong></span> 
     </span>
    </p>
   </div>
   <div class='ocr_carea' id='block_1_5' title="bbox 0 31 1448 4884">
    <p class='ocr_par' dir='ltr' id='par_1_6' title="bbox 0 31 1448 4884">
     <span class='ocr_line' id='line_1_48' title="bbox 0 31 1448 4884; baseline 0 0"><span class='ocrx_word' id='word_1_447' title='bbox 0 31 1448 4884; x_wconf 95' lang='lat' dir='ltr'><strong> </strong></span> 
     </span>
    </p>
   </div>
  </div>
 </body>
</html>
