3188 4784
410 279 491 354 8341
685 275 942 358 [OBSERVAT.
963 273 1203 344 recurunt.
1254 295 1256 298 ·

580 445 761 526 infletaeque
778 445 879 504 iaomt
894 445 998 524 inopes
1011 463 1102 524 super
1119 463 1200 504 arua
1217 451 1374 502 catervae.

413 533 507 614 igitur
524 533 672 600 transitus
691 529 954 590 Ottomanidaram
977 529 1011 589 in
1025 529 1176 609 Europam
1186 527 1236 590 laia
1250 527 1362 589 verbis
1383 523 1532 590 innuitur.

415 622 443 682 is
466 617 597 699 primum
624 616 785 696 contigisse
804 614 840 673 ab
865 615 1012 676 Arabibus
1033 614 1166 676 traditur
1189 633 1273 676 anno
1300 611 1441 691 liegirae
1463 615 1531 687 158,

416 704 470 786 qui
492 723 586 784 paene
609 711 692 761 totus
714 700 860 764 coincidit
879 697 950 760 euna
971 719 1051 759 anno
1071 698 1184 760 Christi
1199 699 1305 770 1867,
1328 697 1452 778 qnippe
1466 717 1531 756 oum

416 789 551 936 ἷῖοἱετίξ
567 787 648 930 afiplie
664 784 705 930 21¹5
719 784 892 930 ⁸lleesenpibris
907 784 978 846 anni
995 783 1214 930 Christi‘tgbdg.
1255 792 1337 883 tuno
1353 783 1531 928 enimgnaau

447 895 480 934 rc
503 893 566 932 ems
613 889 659 931 rna
697 890 764 932 urus
796 893 814 930 o
838 890 940 932 manes
953 891 1093 930 comeare
1120 891 1136 932 r
1209 888 1247 927 ua
1261 887 1379 947 neptas
1391 889 1428 928 an
1471 889 1531 926 ras·

419 963 501 1021 ciam
520 959 659 1032 traiecit,
680 967 710 1014 et
731 977 811 1016 anno
836 958 971 1035 sequenti
987 959 1065 1036 oepit
1078 955 1181 1014 urbem
1198 953 1400 1034 Callipolim.
1443 953 1529 1014 raba

419 1053 492 1106 sunt
505 1041 724 1103 continuatoris
735 1040 989 1121 Abulpharagianl
1003 1039 1156 1102 Chronioi.
1185 1037 1270 1120 quod
1286 1047 1397 1100 autem
1413 1060 1453 1100 ex
1467 1039 1529 1099 leia

419 1131 452 1190 in
470 1129 639 1208 Europam,
661 1137 768 1208 nempe
787 1126 1068 1208 septentrionalem,
1089 1125 1129 1186 ad
1150 1123 1324 1205 Callipolim
1341 1125 1476 1186 mensas·
1487 1123 1535 1186 di-.

422 1215 511 1292 citur,
530 1221 613 1276 recte
627 1211 755 1290 quadrat
771 1211 809 1271 ad
824 1213 992 1274 natinalem
1009 1212 1118 1274 situm:
1139 1228 1209 1270 nam
1219 1229 1293 1284 aare
1306 1209 1401 1270 lilaro
1414 1209 1529 1291 scripsit

586 1294 721 1356 mundun
742 1307 778 1356 ut
798 1295 844 1355 ad
861 1297 1020 1382 Scythiam
1039 1298 1233 1378 Rpasosqoe
1251 1293 1386 1356 arduas-r
1408 1317 1494 1356 arces

588 1385 746 1461 consurgit
768 1389 826 1444 ete.
896 1435 897 1438 ,

316 1477 406 1534 Peos
424 1467 521 1552 pergit
541 1473 625 1526 sacer
645 1477 728 1526 vates
748 1467 913 1544 adiungens
936 1466 975 1528 de
1001 1466 1067 1546 Gog
1087 1475 1117 1528 et
1139 1465 1262 1544 Magog,
1285 1459 1352 1526 hoc
1371 1465 1529 1548 eat'l'nrcia

422 1552 636 1614 Ottomanioie:
665 1563 693 1610 et
717 1554 898 1616 cuculorum
918 1563 1022 1610 cestra
1044 1563 1228 1613 aosmtorum.
1279 1551 1355 1611 roci
1380 1564 1486 1612 mun
1502 1553 1531 1611 in

424 1636 589 1716 originibus
610 1637 731 1697 Graecis
752 1636 917 1718 respondet
937 1633 1112 1720 παρεμβολή
1132 1639 1232 1698 locum
1249 1635 1447 1715 singularem
1463 1637 1531 1698 desi-

423 1743 529 1803 gnans.
573 1741 627 1799 ego
645 1742 700 1803 per
718 1733 823 1796 nestra
838 1731 1015 1782 sannorum
1026 1733 1137 1782 terram
1153 1729 1290 1782 sanctem
1304 1731 1339 1782 et
1357 1721 1531 1802 Hierosoly-

423 1829 503 1878 mam
516 1805 651 1886 intelligo
658 1851 667 1882 ‚
690 1815 736 1866 tot
748 1807 990 1868 Christianorum
1002 1807 1094 1868 saeris
1108 1805 1362 1890 expeditionibus
1376 1819 1411 1869 et
1423 1808 1530 1870 bellisis

425 1892 788 1971 facinoribusquaeaitam
812 1900 842 1950 et
864 1891 917 1950 diu
941 1909 1116 1973 possessam.
1158 1891 1237 1952 hane
1251 1892 1456 1953 Ottomanioa
1479 1915 1530 1974 po-

423 1977 519 2044 tentia
537 1977 686 2037 circumiit
699 1973 867 2040 insisteret
880 1976 965 2037 illine
977 1977 1125 2058 Aegypto,
1146 1976 1219 2037 hina
1233 1975 1306 2036 Asia
1320 1979 1447 2054 maiori,
1468 1979 1530 2038 inde

425 2063 573 2125 Phoenice
588 2064 745 2142 Cyproque
762 2060 935 2142 occupatis,
956 2060 1064 2123 utiam
1081 2081 1120 2124 ne
1134 2062 1211 2122 adiri
1224 2061 1355 2144 quidem
1373 2085 1393 2124 a
1413 2063 1530 2144 privatis

426 2170 516 2210 cauea
536 2148 704 2226 religionis,
726 2147 784 2208 nisi
802 2156 903 2226 empto
924 2147 960 2206 ab
975 2147 1049 2228 ipaie
1067 2147 1213 2220 transitu,
1235 2149 1348 2227 possit.
1397 2150 1531 2210 ultimam

427 2234 687 2294 Ottomanidarurn
708 2233 823 2292 lacinus
848 2234 879 2296 S.
896 2233 1022 2296 loannes
1038 2223 1090 2293 ,isis
1112 2231 1210 2293 verbis
1229 2232 1406 2314 exprimit:
1434 2246 1463 2295 et
1487 2255 1531 2292 aa·

423 2323 510 2400 pient
523 2321 678 2378 civitatem
695 2313 848 2378 dilectam.
869 2336 1013 2398 quaenam
1025 2317 1100 2378 haec
1112 2316 1240 2396 intelligi
1252 2318 1356 2398 possit
1371 2320 1435 2379 alia
1451 2339 1531 2401 qnam

428 2401 720 2483 Constantinopolis,
742 2401 940 2463 aMuhanaete
953 2402 1084 2463 seeundo
1099 2421 1149 2466 ans
1163 2399 1233 2466 Chr.
1248 2403 1337 2470 1455
1353 2416 1531 2487 expugnata,

426 2498 458 2550 et
469 2487 506 2547 ab
524 2488 587 2548 eius
610 2487 831 2556 successoribus
845 2486 988 2548 haetenus
1006 2503 1063 2571 pro
1081 2487 1200 2567 imperii
1214 2487 1410 2550 Ottomanioi
1428 2492 1531 2573 prima·

426 2571 473 2634 eis
483 2571 553 2632 aede
565 2571 688 2631 habital
731 2570 876 2630 dilectam
893 2583 999 2648 vocat,
1022 2572 1091 2652 quia
1110 2591 1174 2634 eam
1193 2571 1342 2633 fundator
1367 2574 1532 2636 Constanti·

428 2667 486 2718 unt
500 2669 562 2718 non
576 2665 610 2717 nt
624 2654 753 2737 patriam
767 2655 801 2716 in
816 2676 876 2736 qua
891 2666 1071 2732 essetnatus
1085 2657 1236 2734 soson-it,
1258 2657 1312 2718 aed
1327 2663 1471 2722 naturali
1481 2663 1531 2723 sitn

429 2753 461 2806 et
480 2741 701 2824 praestantibus
720 2741 784 2801 eius
800 2741 877 2802 eoeli
896 2761 931 2802 ac
946 2744 1002 2804 soli
1018 2743 1139 2802 dotibus
1154 2763 1226 2823 prae
1246 2745 1374 2804 cunetis
1397 2745 1532 2827 delegerit

428 2835 460 2890 et
479 2826 638 2902 dilexerit,
656 2827 754 2888 aedem
767 2827 801 2886 in
816 2847 850 2888 ea
859 2828 987 2894 ,Romani
1001 2828 1151 2889 collocans
1163 2828 1283 2908 imperii
1296 2831 1331 2890 et
1346 2834 1467 2894 veteris
1482 2835 1533 2893 lio·

429 2931 495 2973 mae
515 2913 704 2992 splendorem
726 2929 793 2972 oum
814 2927 910 2974 novae
931 2915 1043 2973 Romae
1061 2913 1182 2972 nomine
1200 2913 1233 2971 in
1251 2933 1318 2974 eam
1343 2920 1532 2978 transierant

429 2997 474 3057 ita
487 3007 611 3076 utraque
625 3007 686 3058 tam
702 2998 832 3076 Sibyllae
848 3015 936 3077 quom
950 2999 980 3061 S.
996 2997 1117 3059 loannis
1128 2996 1285 3078 prophetia
1296 3001 1463 3064 excidium
1474 2997 1532 3064 ariri

431 3084 721 3163 Constantinopolin
739 3083 829 3143 domo
844 3082 1030 3144 Ottomanica
1055 3082 1226 3144 denuntiat:
1246 3081 1326 3144 haee
1342 3106 1423 3150 vero
1444 3090 1476 3150 id
1490 3089 1534 3149 ilh

430 3169 501 3249 plue
525 3168 615 3241 faciti
636 3178 672 3228 ut
684 3176 805 3247 tempus
819 3166 1026 3230 invalescentis
1039 3167 1300 3232 Ottonasnidarum
1316 3176 1482 3250 potentiae
1495 3175 1535 3234 di·

432 3251 541 3313 stinete
561 3253 685 3332 prodat,
705 3253 899 3314 millesimum
913 3253 1030 3314 scilieet
1048 3271 1160 3316 annum
1173 3273 1192 3312 a
1208 3273 1284 3337 paee
1304 3275 1370 3336 per
1388 3261 1535 3324 Constan-

431 3336 530 3399 tinum
546 3338 673 3398 eeclesiis
688 3337 766 3400 data.
904 3391 905 3394 ,

516 3423 662 3503 Deinceps
683 3422 775 3498 nihil,
797 3423 920 3503 opinor,
942 3423 1171 3502 'chronologicae
1186 3442 1296 3504 operae
1312 3427 1402 3489 eirea
1426 3429 1536 3511 Pacty-

434 3509 523 3572 naen's
541 3507 697 3572 historiam
716 3519 852 3588 superest
872 3509 972 3587 aliud,
993 3509 1051 3570 nisi
1066 3515 1101 3569 stt
1117 3529 1165 3570 rea
1180 3507 1238 3569 itae
1252 3515 1398 3576 aecunda
1412 3519 1537 3599 partein

435 3616 468 3656 ea
488 3605 681 3668 memoratas,
706 3593 785 3664 siout
801 3593 835 3652 in
859 3593 953 3672 priori
976 3595 1115 3671 lecimus,
1137 3593 1199 3656 suia
1219 3595 1308 3656 annia
1326 3603 1502 3682 assignatas
1515 3611 1540 3662 et

436 3699 580 3759 expansas
600 3679 632 3738 in
653 3679 783 3739 tabulam
803 3678 909 3738 lectori
927 3697 1146 3764 proponamusp
1169 3678 1220 3740 eni
1236 3679 1285 3744 rei
1302 3698 1409 3768 ceput
1422 3709 1541 3772 aequent

436 3765 536 3848 operia
552 3765 689 3826 ultimum
701 3763 910 3847 impendimus.
