2774 4784
343 283 422 354 ult».
435 279 493 358 tlt
530 278 902 356 omonomntoun
1101 279 1182 356 ‘183v

72 455 117 520 ris
136 461 293 516 curatores
307 449 413 514 usiam
421 467 432 530 ,
454 467 531 532 quae
542 447 616 510 sstia
630 446 769 516 indicent
780 467 844 510 nou
856 445 987 508 siluisse
999 453 1074 514 tnnc
1089 443 1179 510 illum

73 544 111 602 ah
124 539 213 602 urbe:
234 558 305 600 nem
320 538 345 598 si
360 538 420 598 ism
437 544 511 614 tunc
527 533 784 615 peregrinamur,
810 554 873 595 non
890 542 952 592 tssn
971 531 1033 594 cito
1047 530 1177 612 perferri

73 629 112 690 sd
134 646 203 687 euru
223 621 324 686 nuntii
342 622 449 684 mortis
468 622 572 701 Cyprii
595 621 779 701 potuissent,
800 629 835 679 ut
857 618 966 694 exiguo
987 617 1042 684 illo
1054 617 1177 698 ,apstic,

72 712 154 792 quod
171 711 208 774 sb
222 709 309 774 obitu
322 709 360 770 ad
374 709 467 770 sunus
483 706 628 782 interest,
650 723 705 786 per
720 705 842 766 crebros
853 703 981 770 subinde
993 705 1100 768 missos
1113 712 1177 778 tum

72 798 214 860 distincte
230 803 351 860 cernet
368 813 407 856 ne
422 793 528 858 modus
540 793 735 858 excederetur
751 790 963 870 sepulcralium
982 788 1095 868 privati
1112 785 1178 846 ho-

72 882 163 944 rniuis
175 881 336 956 honorum.
381 886 445 938 erst
457 897 528 956 ergo
546 875 811 958 Constantinopoli
824 874 1030 950 Andronicus,
1053 874 1175 952 quando
1229 939 1231 944 ,

72 977 212 1030 mortuus
235 975 274 1025 et
288 965 426 1045 sepultus
444 973 491 1024 est
506 963 658 1042 Cypriuss
671 970 702 1042 et
721 961 835 1042 primus
844 971 915 1041 post
929 960 1020 1026 istum
1033 957 1177 1022 notabilis

72 1062 199 1116 assutos
219 1050 311 1114 luerit
332 1049 478 1110 discessus
497 1047 687 1128 imperotoria
708 1047 892 1120 eiusdemex
904 1045 995 1122 sulse,
1016 1053 1185 1126 propterea<

73 1137 210 1217 sequenti
219 1156 300 1200 ,mox
318 1135 418 1216 capite
430 1155 447 1192 a
458 1131 641 1214 Pachysnere
655 1143 803 1194 nsrrstus.
846 1141 977 1200 cesurat
990 1127 1175 1211 patriarchio

72 1225 206 1304 Cyprius
227 1223 313 1282 iuxta
331 1219 534 1281 verisimiliter
554 1241 572 1278 a
595 1220 680 1278 nohis
699 1219 792 1299 paulo
810 1217 949 1300 superius
963 1225 1077 1278 statuta
1094 1215 1188 1275 circs*

72 1328 206 1369 mensem
232 1306 354 1372 luniuna
379 1303 450 1364 snni
476 1305 589 1364 Christi
616 1308 708 1370 1289.
751 1312 821 1384 post
840 1313 903 1364 tres
923 1311 976 1364 sut
992 1301 1084 1383 psulo
1105 1300 1175 1380 plns

73 1414 205 1467 menses,
224 1392 326 1474 pridie
336 1390 409 1456 ldus
427 1389 566 1450 Octobris
578 1388 756 1452 Athanasius
772 1390 802 1448 in
816 1387 965 1452 thronum
978 1396 1100 1448 erectus
1123 1395 1177 1448 est.

72 1477 254 1560 Novembri,
278 1476 449 1546 Decembri,
471 1474 610 1536 lsnuario
633 1474 856 1553 insequentibus
875 1474 1076 1536 verisimiliter
1095 1469 1177 1530 ecci-

73 1564 169 1638 derit,
193 1563 274 1644 quod
289 1562 389 1642 capite
401 1560 504 1627 libris
518 1583 543 1622 c.
561 1567 600 1628 17
612 1563 759 1635 solertur,
780 1579 888 1640 nempe
901 1559 1047 1640 Cyprium
1064 1555 1178 1636 glorise

73 1647 383 1724 avidum-hominem,
397 1667 465 1706 cum
484 1667 516 1708 se
530 1647 646 1706 tamdiu
660 1646 830 1722 neglectum
844 1646 877 1704 in
889 1663 1008 1706 secessu
1020 1664 1056 1704 ee
1070 1642 1180 1706 solitu·⁴

73 1735 145 1796 dine
161 1733 287 1807 doleret,
309 1733 389 1810 ringi
404 1753 439 1798 sc
452 1732 560 1796 confici
575 1731 761 1810 aegritudine
775 1730 921 1811 coepisse,
943 1751 982 1790 ex
997 1750 1057 1809 quo
1072 1728 1099 1788 ei
1114 1737 1185 1786 tec.

73 1821 125 1880 dio
140 1820 268 1895 languor
281 1819 334 1880 ille
347 1819 509 1878 multorum
525 1818 645 1880 dierunt
660 1816 810 1890 extiterit,
832 1837 891 1894 quo
910 1824 1106 1893 consumptus
1120 1813 1186 1872 de-.

73 1925 156 1968 suune
176 1914 223 1964 eat
242 1904 363 1964 circiter
385 1923 536 1980 urensom,
563 1912 598 1962 ut
621 1911 761 1982 apparet,
785 1901 937 1966 Martium.
982 1899 1083 1980 Aprili
1105 1917 1188 1958 mox,

72 1994 263 2068 insequente,
290 1996 360 2067 spts
387 1988 477 2065 regiis
501 1986 742 2066 expeditionibus
768 1995 958 2066 tempestate,
986 1985 1180 2052 Andronicus

73 2076 226 2153 Augustus
245 2093 283 2134 ex
298 2074 372 2134 urbe
394 2093 531 2144 movens,
552 2091 694 2132 amemus
707 2091 744 2130 oc
759 2072 984 2132 circumductos
1002 2068 1188 2150 peregrina«

74 2161 166 2220 tionis
180 2168 274 2220 metas
287 2157 454 2238 Nymphaei
469 2157 597 2237 denique
610 2155 760 2229 defixerit,
783 2177 818 2216 eo
829 2153 1079 2236 perveniens-sub
1094 2172 1179 2212 men-

73 2267 136 2308 sem
150 2245 282 2306 lunium.
324 2245 404 2304 circs
419 2243 530 2304 lllsium
545 2243 638 2321 igitur
650 2243 721 2304 anni
734 2241 847 2302 Christi
863 2245 945 2308 1290
958 2241 1060 2300 luxata
1073 2247 1178 2300 custo-

74 2331 124 2392 dia
140 2331 238 2390 Vecco
252 2330 361 2405 fuerit,
382 2336 542 2410 postquam
556 2329 694 2406 egestatis
712 2349 781 2388 curn
800 2327 976 2407 captivitate
989 2326 1110 2384 iunctae
1123 2323 1180 2382 in-

74 2415 236 2476 commoda
254 2415 410 2476 tolerasset
433 2415 520 2476 annis
543 2433 599 2473 sex
619 2414 759 2493 integris,
788 2435 805 2472 e
821 2432 923 2473 mense
941 2410 1084 2474 videlicet
1097 2408 1187 2470 bloio¹

74 2511 128 2599 aut
148 2501 236 2564 lunio
255 2500 327 2564 enni
347 2499 459 2562 Christi
483 2499 565 2568 test
585 2499 775 2580 iuxtalprius
799 2489 1110 2562 definiten.5l1uiua
1127 2515 1179 2554 cs-

72 2607 105 2742 pi
159 2670 225 2734 Vll.
267 2669 335 2732 Hae
354 2671 457 2732 eedem
481 2668 515 2730 in
539 2669 707 2730 orientales
727 2677 844 2732 tractru
860 2667 1102 2749 peregrinatione
1118 2663 1182 2725 An-

74 2756 194 2817 dronici
216 2757 377 2834 contigisse
398 2765 548 2836 praetereo
572 2755 709 2835 oportuit
731 2775 883 2816 secessum
906 2755 968 2814 eiua
992 2752 1181 2831 Docibysam,

74 2842 128 2902 ubi
145 2841 200 2902 sub
213 2843 351 2904 custodis
365 2841 523 2904 tenebatur
535 2842 662 2900 loannes
676 2839 826 2902 Theodori
839 2839 972 2900 Lnacsris
985 2838 1076 2914 filius,
1091 2855 1182 2916 quens

74 2926 204 2988 michael
223 2927 388 2992 Andronici
411 2937 496 3007 pstor
511 2926 633 2986 immani
650 2925 755 2988 froude
772 2923 1036 3003 circumscriptum
1052 2921 1180 3002 imperio

75 3011 186 3072 deiecit
205 3022 234 3072 et
255 3013 441 3076 excoecavit.
484 3011 545 3072 hue
566 3012 737 3093 proiectum
762 3009 968 3070 Andronicum
993 3017 1098 3068 usust
1113 3009 1181 3067 ,Pa-

76 3095 296 3174 chynsereal1
316 3119 343 3162 c.
357 3102 400 3164 86
419 3098 575 3177 petiisses
594 3098 707 3156 Ioanne
726 3116 817 3158 coeco
840 3094 1104 3156 veniansiniun'se
1119 3093 1179 3172 ipsi

75 3201 103 3239 a.
113 3181 256 3246 bliehatile
274 3193 361 3262 petre
373 3179 428 3246 suo
441 3183 556 3256 illatae,
578 3191 609 3242 et
627 3181 728 3252 multis
743 3181 967 3242 benevolentiae
980 3179 1180 3260 significatio-

74 3265 164 3326 nibus
178 3288 214 3326 sc
229 3268 315 3328 donis
331 3267 517 3330 eblanditum
532 3268 569 3325 ab
585 3287 619 3326 eo
637 3267 730 3327 fuisse
751 3267 914 3328 caesionem
931 3266 1006 3327 iuris
1024 3267 1063 3325 sd
1080 3266 1192 3344 irnpe-¹

73 3352 156 3412 rium
170 3353 227 3412 sui.
269 3354 363 3427 ratio,
379 3373 455 3434 quse
467 3353 548 3431 cogit
558 3353 659 3412 dicere
671 3363 744 3412 tunc
757 3353 787 3412 id
803 3362 912 3429 sctum,
933 3350 1009 3412 haec
1022 3361 1086 3434 est,
1120 3370 1178 3408 no-

73 3445 136 3500 ster
150 3438 206 3498 illo
221 3438 318 3518 capite
332 3439 442 3500 diserte
454 3440 560 3498 asserit
575 3447 644 3517 post
659 3448 841 3498 conventum
854 3439 890 3498 ab
904 3438 1079 3498 Andronico
1092 3435 1181 3494 Ioan-

73 3541 144 3582 nssu
160 3525 282 3584 missurn
299 3525 391 3606 fuisse
407 3525 443 3584 nb
458 3523 620 3610 Athanasio
636 3524 694 3584 inm
716 3521 888 3604 patriarche
910 3519 1180 3603 protovestiariuns

74 3607 113 3668 ad
127 3608 276 3684 Veccum3
297 3610 380 3689 quod
393 3610 473 3670 idern
486 3609 557 3669 olibi
571 3610 683 3668 lectum
696 3610 827 3670 sl'firnsst
842 3629 878 3670 eo
893 3608 1003 3668 itinare
1016 3625 1075 3687 qno
1087 3606 1181 3686 Nym·

72 3689 204 3774 possum
220 3715 251 3754 sa
266 3694 411 3776 denique,
431 3695 498 3756 illie
517 3693 572 3755 diu
587 3705 840 3768 commoraturus,
860 3695 1025 3774 imperator
1041 3691 1183 3754 contulit.

72 3777 167 3856 igitur
180 3778 296 3840 ethaeo
309 3781 412 3842 aedem
425 3781 472 3840 via
488 3799 543 3861 per
557 3781 738 3860 llaoibyssm
752 3773 926 3846 Andronico
940 3779 1030 3839 ducta
1043 3785 1097 3838 eat.
1118 3796 1182 3838 non

73 3863 154 3924 eninr
168 3864 215 3925 bia
230 3865 402 3946 patriarcha
421 3865 599 3927 Athenasiua
614 3865 875 3946 protovestisrinm
892 3865 929 3923 ad
946 3863 1076 3924 Vaecuus
1087 3862 1181 3922 misit.
1201 3860 1223 3914 P
1239 3861 1289 3914 667

71 3959 154 4010 reete
177 3950 280 4030 itaqua
302 3951 445 4023 admonet,
462 3952 517 4012 sub
539 3952 629 4012 finem
644 3951 751 4032 capitis
763 3947 928 4010 historiens
943 3949 1017 4008 haec
1030 3968 1062 4008 se
1077 3947 1112 4008 in
1129 3967 1183 4008 sn.

70 4041 219 4096 tecssaum
232 4035 291 4096 hoc
305 4037 376 4098 loeo
391 4058 432 4097 ex,
444 4037 542 4098 multo
555 4035 868 4119 posteriorimensoris
881 4031 1071 4115 prselrbssse.
1101 4031 1183 4094 dicet

74 4119 201 4199 aliquias
223 4141 315 4202 quere
335 4123 427 4202 igitur
449 4123 648 4203 Pachymeres
666 4123 732 4202 ipso
745 4121 832 4180 initio
847 4121 934 4186 istius
951 4118 1059 4200 ospitis
1073 4140 1106 4199 p.
1121 4123 1182 4184 108

73 4222 106 4265 V·
123 4211 164 4271 16
188 4206 233 4266 sic
252 4207 406 4287 loquitur:
424 4207 480 4267 ssd
497 4231 543 4268 me
551 4211 753 4286 praeterierat
766 4205 853 4286 quod
862 4207 964 4286 paulo
978 4208 1072 4284 priua
1085 4207 1183 4264 corsti-

70 4291 138 4370 gs't,
159 4294 370 4372 imperatorem
384 4292 525 4356 videlieet
538 4315 572 4356 er
588 4293 659 4356 urbe
672 4292 883 4358 cessantes:
895 4291 1099 4372 Decidysonn
1121 4301 1180 4354 etc.
