2820 4882
202 364 278 440 568
516 363 695 436 GEORGII
718 361 983 450 Pncutuums
1036 413 1038 416 -

203 534 326 624 αἱρετέα
344 532 418 622 riuis
439 535 481 602 τιλ
497 534 542 619 μὴ
564 537 747 616 ξονοέσοντα
769 534 942 617 ξυνέβαινεν
957 532 1053 622 εἷναις
1076 534 1316 622 χωρλςιλέτοόι

203 665 278 721 των,
303 649 369 718 τοῖς
381 639 438 722 μέν
452 637 507 706 οὔκ
521 638 642 724 {taven
654 638 692 706 ἂν
705 637 768 728 ὅπῃ
780 650 933 726 τραπεΐεν,
955 639 995 723 ἤν
1007 637 1068 708 πού
1086 665 1115 706 τι
1128 647 1192 708 τῶν
1206 633 1309 722 ἀθαν-

204 740 308 827 λῆτων
322 738 408 830 παρά
421 767 513 810 τινων
533 744 649 828 γένοιτο
657 792 668 824 ,
695 744 818 820 derisore
830 742 869 808 dis
881 747 1018 828 ξιιμβαέη
1037 746 1090 810 καὶ.
1102 743 1190 827 παρὰ
1204 745 1244 810 τοὶ
1259 747 1309 812 oi-

204 856 272 913 ιιεῖα
291 843 358 932 ἤθη
382 851 598 930 πορατολμᾶν.
649 843 695 923 οἷς
716 848 776 932 γὰρ
798 849 904 933 σφίσιν
919 849 953 912 έν
963 854 1060 936 στενῷ
1071 850 1182 934 κομιδῇ
1196 847 1238 912 ui
1250 854 1316 932 sie

204 947 385 1033 ἐκδικήσεως
393 998 404 1030 ,
431 949 619 1035 ἐπιχειρητέα
634 953 685 1016 κοιλ
698 949 738 1046 sci
753 948 864 1034 ἥκιστα
882 948 921 1016 ιλν
934 949 1066 1026 ές-ἅπαν
1080 947 1223 1036 συνήθη·
1250 951 1335 1038 ‹pl-5

205 1069 250 1140 ρει
273 1052 332 1138 γὰρ
359 1054 403 1128 εἷς
422 1052 529 1136 καιρὸν
550 1059 651 1120 ταῦτα
665 1052 700 1119 τὸ
716 1052 891 1137 ἀπογνῶναι
905 1057 955 1119 καὶ
973 1052 1008 1122 sd
1023 1061 1087 1119 τῶν
1100 1048 1309 1139 δρασειὸντων

165 1165 192 1220 lt
208 1156 339 1233 ἀσθενές
353 1157 404 1222 ναὶ
418 1154 577 1240 ἀμήχανον
591 1162 648 1222 τοῦ
666 1159 717 1222 καλ
731 1157 774 1244 τὰ1
785 1153 909 1241 συνήθη
928 1159 1139 1239 παραβαίνειν,
1192 1159 1245 1222 καλ
1263 1147 1310 1224 ὧν

202 1258 426 1350 πραττομένων
439 1257 458 1342 ἡ
470 1261 589 1343 μέμψις
609 1260 760 1346 ἐφῆπται,
789 1257 958 1327 αἰτιάσαιτ’
976 1259 1017 1326 riv
1027 1285 1074 1336 τις
1089 1260 1234 1336 δικαίως·
1260 1257 1313 1337 οἶα

203 1360 237 1429 θ’
258 1363 290 1428 έν
311 1360 443 1445 έσχιλΐτὸ
459 1370 619 1446 μετελθεῖν
635 1359 678 1439 ὥς
694 1360 853 1444 βούλοιντ’
870 1362 925 1444 ἄν,
951 1363 988 1431 τὸ
1012 1362 1136 1450 αἱρετὴν
1157 1359 1309 1446 αἰσχύνην

164 1469 179 1515 τ’
202 1467 428 1551 περιβαλέσθαι
450 1469 555 1552 σφίσιν
579 1463 700 1546 ἕαντοΐς
720 1474 786 1543 πῶς
809 1466 865 1534 οὐκ
882 1463 1075 1551 ἂβοιλλητοη
1103 1473 1165 1532 τῶν
1180 1469 1238 1548 μέν
1251 1459 1308 1532 osis
1318 1480 1350 1534 1⁰

202 1569 421 1655 πεπραγμένων
434 1568 490 1652 οὐχ
504 1561 598 1654 ἦττον
612 1567 829 1654 ξογγνῶμονας
843 1567 918 1636 εἶναι
930 1568 1002 1655 χρή,
1019 1570 1040 1655 ἢ
1056 1570 1217 1653 έκδικητιλς
1228 1567 1310 1653 βού-

204 1677 298 1738 λεοθε
313 1675 483 1758 γίγνεσθαι,
507 1672 582 1764 τούς
596 1671 652 1738 οὐκ
670 1671 709 1738 ἂν
723 1676 749 1740 ri
761 1673 805 1756 μὴ
821 1674 957 1757 αἱροῖντο
970 1676 1058 1742 sosoi
1071 1677 1241 1760 φαίνεσθαι
1255 1676 1309 1738 soi

204 1771 381 1842 deusdedus
393 1779 514 1860 χεέροος
529 1777 820 1860 ζημιωθησομένοος
830 1776 867 1844 τὸ
881 1774 1023 1843 σύνολον.
1056 1779 1083 1841 εἰ
1097 1776 1130 1842 d'
1145 1769 1212 1857 cris,
1232 1775 1308 1852 ἀλλ’

97 1877 189 1938 Ρθθλ
206 1877 240 1944 έν
268 1885 331 1944 τῶν
356 1875 551 1966 φθασάντων
581 1881 711 1946 σκεπτέα
732 1878 772 1946 dv
793 1880 838 1964 εἴη
861 1876 935 1960 ὑμῖν
957 1876 1101 1960 ὁπόσοις,
1123 1879 1205 1950 πλέον
1225 1878 1315 1966 παρ’Ἰ

197 1982 329 2068 έχθρῶν
349 1987 507 2064 πλουτεῖν,
536 1984 569 2050 ἐκ
590 1989 653 2050 τῶν
672 1981 828 2071 ἡμετέρων
851 1984 1072 2070 έξωλβίσθητει
1123 1985 1176 2050 καλ
1194 1980 1309 2071 ripisque
1317 1993 1350 2050 1⁵

273 2113 299 2167 7.
316 2109 369 2182 sd]
387 2111 427 2177 sle
443 2109 480 2168 ed
496 2112 526 2166 Ρ.

203 2230 272 2286 quse
288 2215 390 2268 minime
407 2215 593 2285 conducibilis,
608 2215 684 2270 immo
700 2213 808 2272 maximo
824 2211 947 2268 damnose
963 2213 1036 2268 nobis
1052 2211 1117 2285 ipsis
1133 2213 1223 2268 tumre
1238 2213 1310 2269 clere

199 2289 201 2294 ’
224 2283 412 2339 rosidosnturi
446 2288 488 2340 oui
509 2295 595 2340 eutem
612 2291 692 2357 quest
716 2300 773 2337 esse
791 2283 894 2336 dubium
911 2285 984 2353 grsvi
1001 2293 1090 2356 nostre
1106 2283 1222 2353 pernicie
1241 2285 1311 2337 coci·

204 2300 273 2410 sisse
292 2355 449 2420 Caesarem,
474 2356 568 2426 inquo
585 2362 625 2408 tot
641 2369 701 2424 spes
718 2353 813 2417 tutori,
835 2357 922 2407 tentos
940 2353 1036 2428 eifosos
1052 2354 1077 2405 in
1094 2369 1151 2406 oum
1167 2352 1310 2406 orosndnn

204 2432 333 2494 sumptus,
358 2431 412 2477 tom
436 2424 608 2478 necessarium
626 2423 777 2494 gravissimo
800 2430 888 2476 nostro
904 2429 1020 2494 tempore
1030 2421 1192 2492 praesidium
1208 2421 1311 2490 imperii

205 2510 255 2546 uno
280 2499 403 2546 momento
425 2492 601 2576 perdidimus?
635 2501 740 2562 prseter
761 2491 826 2554 boo,
852 2489 887 2543 ed
909 2493 986 2562 pinne
1009 2491 1145 2544 nosomni
1162 2491 1310 2558 suspicioso

204 2575 360 2632 procuratae
382 2579 452 2616 necis
475 2562 583 2616 Caesari
607 2561 754 2630 purgandos
770 2561 975 2628 efficacissimum
993 2560 1061 2632 spud
1078 2569 1151 2614 recto
1167 2559 1311 2614 indicentes

205 2638 381 2698 argumentum
400 2632 446 2695 sit,
464 2632 532 2702 quod
550 2631 576 2682 in
593 2629 734 2682 istiusmodi
750 2629 869 2683 immunis
885 2645 962 2684 ruore
979 2629 1085 2683 consitis
1101 2645 1188 2682 sorum
1206 2627 1310 2700 estqui

204 2699 275 2770 pessi
299 2716 315 2751 α
342 2701 460 2768 quopiam
483 2700 558 2770 qnod
578 2716 626 2752 non
650 2699 760 2764 velient,
786 2716 836 2766 quo
856 2715 885 2751 se
902 2704 1009 2752 sertem
1029 2715 1078 2754 non
1102 2699 1217 2762 bsbont,
1241 2697 1310 2750 omni

205 2767 322 2820 destituti
344 2769 467 2821 facultate
491 2769 653 2821 desideratae
674 2767 723 2820 sibi
746 2768 946 2834 setisisetionis,
966 2778 1013 2822 out
1027 2768 1224 2837 prosequendos
1240 2784 1257 2819 s
1276 2766 1310 2820 ud

206 2837 368 2907 potentiores
393 2838 442 2892 siis
465 2837 601 2906 legitimis,
625 2844 670 2888 snt
687 2853 734 2906 per
750 2853 779 2888 se
797 2837 881 2905 psistn
898 2837 967 2890 iuste
991 2846 1121 2908 potestate
1137 2785 1311 2906 usurpsnrise.

206 2921 263 2959 nem
282 2906 361 2972 tales,
385 2915 476 2960 urente
491 2907 560 2959 intus
574 2906 683 2958 iniuriae
699 2905 802 2970 dolore,
825 2907 893 2960 uitrs
910 2924 1003 2960 morsm
1020 2905 1147 2958 interdum
1164 2922 1197 2957 sc
1214 2907 1255 2958 iss
1272 2905 1312 2960 ei-

205 2975 270 3028 itrri
287 2975 320 3028 od
338 2984 455 3028 conatum
473 2977 588 3046 quemvis
610 2975 719 3027 iniustae
742 2975 857 3040 ultionis,
882 2977 1015 3044 exemplis,
1038 2991 1115 3045 quem
1132 2982 1202 3026 esset
1217 2983 1311 3044 opten-

206 3043 281 3108 dum,
307 3046 479 3098 crebrioribus
496 3045 625 3110 cernitur,
643 3045 711 3114 quod
730 3045 776 3097 bos
794 3045 905 3098 efferare
921 3045 1004 3098 soient
1020 3043 1168 3113 desperatio
1184 3043 1249 3097 iuris
1266 3051 1312 3097 ent

205 3113 310 3166 honoris
334 3114 457 3167 imminuti
475 3115 524 3167 slis
543 3115 641 3167 ratione
666 3113 812 3184 reponendi.
847 3113 939 3182 quibus
958 3131 1036 3178 vero,
1062 3113 1145 3183 qualis
1162 3121 1253 3166 nostro
1269 3111 1311 3166 dci

205 3183 332 3236 beneficio
350 3183 466 3237 conditio·
479 3191 534 3246 est,
552 3183 652 3254 quibus,
670 3183 781 3251 inquens,
799 3183 940 3236 auctoritas
957 3189 985 3236 et
999 3183 1039 3236 sis
1056 3183 1089 3234 sd
1106 3195 1206 3234 menum
1223 3198 1312 3249 prom·

206 3258 253 3322 pto
268 3253 383 3322 suppetit
398 3253 623 3315 contumeliorum,
639 3251 662 3306 si
680 3269 744 3322 ques
761 3253 919 3322 accepimus,
938 3251 1052 3322 legitime
1068 3258 1097 3303 et
1115 3249 1251 3320 inculpate
1268 3267 1312 3304 rs·

207 3319 277 3372 tione
302 3321 527 3388 vindicandarum,
556 3323 601 3374 bos
624 3339 697 3374 nemo
722 3338 783 3374 ssne
807 3322 938 3391 supienter
964 3321 1102 3374 restituens
1128 3321 1313 3384 autumaverit,

205 3389 337 3458 probrosis
358 3391 443 3460 potios
468 3389 644 3462 pudendisque
666 3407 742 3460 qoem
767 3390 844 3443 rectis
865 3396 892 3444 et
913 3390 1028 3444 honestis
1050 3389 1118 3442 uitro
1136 3388 1211 3440 maiis
1229 3389 1313 3441 modis

204 3457 244 3512 uti
261 3457 300 3510 rei
318 3466 363 3511 aut
379 3459 512 3528 dignitatis
528 3475 630 3530 quoquo
648 3459 721 3512 modo
745 3458 880 3512 detrectse
904 3460 1075 3528 reponendae.
1111 3465 1215 3510 manat
1230 3457 1313 3525 igitur

206 3541 239 3579 ex
263 3525 303 3580 bis
325 3527 433 3580 evictum
459 3529 591 3582 evidenter
612 3545 661 3582 non
685 3528 733 3581 nisi
757 3545 805 3598 per
827 3529 1007 3599 iniquissimum
1024 3527 1173 3580 columniam
1190 3523 1313 3594 imputsri

206 3597 279 3649 nbbis
303 3613 379 3664 posse
403 3603 502 3667 portem
520 3607 565 3650 eut
583 3597 762 3651 conscientiam
780 3597 855 3650 uliam
879 3598 983 3650 sceleris
999 3597 1179 3650 interficiendo
1197 3595 1313 3648 Cessero

205 3666 321 3736 pstreti3
338 3682 436 3736 sosque
453 3668 515 3720 nibil
533 3669 589 3720 iere
606 3666 690 3720 minus
706 3683 802 3734 grave,
817 3683 896 3736 ,quam
913 3667 981 3738 quod
999 3666 1086 3720 ulcisci
1103 3666 1168 3717 veiis
1185 3664 1314 3727 videmini,

206 3734 366 3788 conscituros
383 3736 495 3800 crimen,
513 3736 537 3790 si
553 3752 650 3806 poenes
667 3736 734 3788 iiiios
751 3735 837 3789 csedis
854 3739 887 3789 sb
904 3737 938 3790 iis
954 3747 1075 3806 repetere
1091 3733 1225 3802 pergatis,
1266 3749 1315 3786 uos

205 3802 231 3856 in
249 3803 315 3856 iilum
334 3805 502 3870 consensisse,
520 3823 577 3857 cuin
595 3805 621 3857 id
639 3807 728 3858 iecere
743 3805 902 3888 nequiverint
920 3805 968 3858 nisi
986 3821 1038 3857 non
1055 3807 1135 3857 sotum
1153 3751 1316 3857 turoniae-

205 3872 269 3924 dere
295 3874 502 3942 perfidiosissime
525 3873 659 3932 violando,
686 3875 731 3927 sod
755 3882 832 3926 etism
857 3873 1037 3944 cupiteiissineu
1062 3875 1131 3925 ultro
1148 3871 1176 3924 in
1194 3889 1223 3926 se
1241 3871 1316 3942 ipsos

204 3943 352 3996 eteritissime
365 3945 517 3996 ottrebendo
528 3943 676 4006 infortunia,
692 3943 853 4012 perspicuum
871 3945 971 3997 renone
987 3942 1070 3996 utenti
1087 3941 1170 3994 cuivis
1187 3949 1229 3994 est
1245 3941 1315 3993 unito

204 4026 281 4078 posse
305 4015 388 4082 puoto
407 4012 546 4064 verisimile
569 4012 659 4064 videri.
694 4029 761 4064 nuno
779 4013 811 4064 ad
828 4028 874 4064 vos
892 4009 1042 4080 vestraque
1057 4019 1118 4064 note
1135 4011 1236 4063 referre
1253 4026 1318 4064 ors·

203 4079 299 4132 tionem
318 4081 450 4144 convenit,
475 4079 690 4150 considerareque
707 4095 739 4131 ex
756 4081 838 4148 gestis
854 4082 905 4134 hnc
922 4097 1003 4150 usquo
1020 4088 1142 4164 qusnturn
1160 4095 1225 4144 vos,
1248 4095 1316 4148 qnos

203 4147 331 4201 ditescere
349 4167 380 4202 ex
398 4149 496 4204 demnis
515 4150 623 4201 hostium
641 4166 689 4218 per
704 4159 775 4214 eret,
799 4167 832 4203 ex
850 4150 961 4214 nostris,
985 4165 1125 4212 sociorum,
1143 4157 1173 4202 ut
1189 4147 1317 4217 ioquebs·

203 4216 279 4281 mini,
296 4225 456 4282 vestrorum,
479 4235 494 4270 o
513 4217 698 4284 Romanorum,
715 4219 834 4288 inquom,
850 4217 945 4291 quibus
962 4217 1127 4272 defendendis
1147 4217 1249 4270 erocsu‘
1266 4231 1318 4268 se-

203 4285 317 4348 nerntis,
344 4287 494 4340 svsrissime
518 4286 614 4340 iniuris
630 4297 719 4341 vestra
736 4289 895 4358 direptorum
921 4289 1026 4358 praedis
1042 4287 1184 4358 spoliisque
1201 4281 1320 4354 locupie-

202 4353 251 4403 τεεί
277 4354 401 4410 buotenus
426 4356 536 4414 tuentis.
570 4365 706 4428 praetereo
724 4373 792 4430 quse
808 4365 900 4416 conus
916 4357 957 4414 ius
974 4360 1066 4430 iusque
1083 4353 1228 4426 usurpostis
1247 4353 1321 4410 nutu
