3188 4784
433 311 512 383 ιιι
531 311 590 382 ιι
623 307 994 382 ‹mmoaoorcas
1190 311 1267 384 sao

160 485 280 564 sontem
297 481 502 540 sufflationis
511 480 632 559 imperii
649 477 741 540 inissa
753 475 859 540 scribit
874 478 1101 558 pasimaniam
1106 475 1196 558 plene
1206 478 1267 537 sou

168 567 339 628 sentiarum
358 587 393 625 es
407 563 483 646 fida
488 569 686 645 passionum,
709 585 789 644 quor
799 561 1022 643 praesidiariis
1035 565 1156 622 urcium
1167 566 1201 622 in
1221 564 1267 622 li-

169 657 241 712 nu'te
257 655 393 720 sitarm
409 652 485 710 olins
500 659 636 712 statutae
645 651 781 730 fuerant
799 653 832 708 in
853 647 1015 708 macedam
1030 669 1136 728 operas
1150 649 1269 708 minsa.

168 743 228 810 ris,
248 737 325 797 adeo
340 737 409 796 illia
422 735 468 795 ad
477 755 664 796 comnena
678 736 807 794 tutelam
818 737 1014 794 maeoniae.
1055 732 1114 792 dae
1133 735 1269 812 maligni

168 845 252 884 nunc
271 821 564 902 suppeditabantur,
586 823 726 881 avaritia
742 821 968 899 praefectorum
989 820 1162 898 erogationi
1175 840 1270 898 pecu·

168 910 402 988 mannitione,
425 925 555 988 quorum
567 906 778 986 apponebatur
789 907 887 964 lucris
900 903 988 986 quod
993 925 1051 984 per
1063 907 1269 982 astutassru-

168 998 357 1054 strutionum
375 1005 458 1052 mea
477 990 679 1074 da'ffundanda
694 991 903 1070 praetextibus
923 993 1026 1068 vafris
1040 989 1205 1048 solutionis
1219 988 1269 1048 dit

170 1082 288 1140 miseris
308 1077 461 1137 militibus
479 1078 731 1150 subtrahebatur,
749 1080 884 1156 pretium
904 1073 1027 1134 sudoris
1048 1083 1076 1132 et
1096 1077 1269 1154 sanguinis»

168 1166 213 1225 ita
235 1167 288 1225 ille
305 1165 367 1240 ibi3
389 1165 441 1242 qui
456 1172 486 1224 et
498 1163 600 1222 multis
612 1163 738 1222 inferius
755 1162 830 1221 locis
843 1159 992 1240 significat
1010 1163 1073 1220 non'
1090 1161 1149 1218 iam
1169 1162 1270 1219 solum

170 1271 226 1332 per
245 1249 392 1309 fiscalium
412 1249 611 1308 calumniosas
632 1247 769 1322 fraudes,
791 1248 844 1306 sod
865 1247 963 1307 edicto
981 1244 1048 1324 ipso
1066 1261 1102 1303 sc
1115 1245 1201 1305 iussu
1215 1245 1271 1302 di·-

171 1345 251 1394 serto
274 1334 440 1394 Andronici
474 1334 596 1412 Augusti
623 1334 782 1414 pensiones
801 1341 831 1392 et
851 1329 1081 1392 suctocsmenta‘
1099 1329 1270 1389 istiusmodi

172 1421 264 1479 inissa
276 1421 450 1484 interversa.
492 1419 573 1477 unda
585 1418 749 1478 necessario
765 1416 894 1496 contigit
905 1417 1021 1478 arcium
1035 1414 1200 1474 custodiam
1213 1435 1270 1474 naa

171 1505 243 1582 gligi
253 1543 268 1578 ,-
283 1525 318 1562 ac
340 1504 480 1582 quasdam
501 1505 634 1584 ipsarum
649 1504 681 1562 in
696 1503 827 1562 militum
846 1523 884 1562 ex
900 1509 984 1582 parta
999 1499 1131 1562 Persidis
1149 1509 1272 1560 contis-

171 1591 231 1651 rias
245 1591 381 1650 Romano
392 1589 481 1650 limiti
495 1589 635 1648 stationes
648 1585 845 1648 obtinentium
862 1587 966 1648 venir-a
985 1595 1172 1667 potestatem.
1215 1603 1271 1643 sua

172 1674 278 1734 stinuit
299 1675 428 1754 quodam
448 1683 583 1754 tempore
606 1673 703 1733 labam
717 1673 801 1732 illam
816 1693 851 1731 ac
864 1674 982 1732 ruinam
995 1673 1070 1732 ialix
1085 1670 1187 1731 Alexii
1197 1669 1271 1729 Phi-

170 1759 363 1841 lsnthropani
378 1779 432 1840 par
443 1759 515 1818 illos
528 1767 645 1818 tractus
658 1758 773 1832 militis,
788 1759 910 1817 circiter
924 1777 1035 1816 annum
1050 1755 1163 1816 christi
1177 1756 1271 1830 129⁵,

171 1843 342 1906 Andronici
357 1849 411 1920 18,
433 1863 469 1903 so
492 1843 575 1903 missi
597 1863 663 1902 com
682 1843 783 1902 valido
805 1843 958 1918 exercitu,
979 1841 1152 1922 prontinus
1168 1846 1278 1912 narrat

171 1930 370 2010 Pschymorss
384 1931 405 1990 l.
419 1929 507 1993 Svol.
521 1928 549 1988 ll
565 1932 631 1993 ca.
652 1927 704 1988 sad
717 1935 873 2008 postquam
886 1921 913 1985 is
926 1926 1099 1987 rebellansa
1112 1925 1273 1984 Libadsrio

172 2025 219 2076 ost
236 2031 415 2096 oppressus,
437 2023 468 2074 st
486 2014 607 2089 Persas,
628 2013 680 2092 qni
694 2013 752 2072 sub
767 2005 802 2071 eo
816 2012 1037 2082 militaverant,
1060 2011 1137 2070 mala
1156 2009 1276 2070 multati

172 2101 289 2162 reversi
308 2101 449 2175 domum,
480 2109 510 2158 et
531 2115 618 2157 musa
641 2097 736 2157 cladis
755 2095 944 2156 ulciscendae
968 2105 999 2155 et
1021 2095 1132 2154 fiducia
1158 2095 1274 2154 nullius

173 2185 247 2246 satis
276 2185 394 2244 validae
420 2203 607 2243 occursuras
629 2184 780 2242 Romanae
809 2181 978 2262 potentias,
1015 2175 1277 2258 Philanthropano

173 2291 262 2350 quens
278 2289 374 2330 anum
390 2268 553 2328 ιὶιιιιιιιιιι
570 2277 686 2344 amoto,
708 2269 827 2326 arcibus
845 2267 907 2326 ism
928 2265 1046 2326 cunctis
1068 2264 1157 2345 potiti
1178 2265 1277 2324 licen-⁸

172 2357 287 2416 tissima
303 2356 336 2414 in
356 2353 504 2414 subiectas
527 2353 655 2434 inperio
680 2353 816 2433 regiones
841 2351 952 2432 passim
974 2350 1173 2415 mantnano
1201 2346 1278 2407 *hoo

168 2450 319 2501 memorat
330 2438 530 2520 Pschymarss
539 2440 586 2506 13
599 2438 661 2502 vol.
670 2437 699 2497 ΙΙ
712 2459 739 2500 o.
754 2439 804 2514 14,
827 2447 858 2496 ct
871 2437 1004 2517 coepisse
1011 2435 1135 2498 videtur
1145 2430 1183 2493 ab
1190 2453 1277 2494 anno

174 2525 245 2587 ctrr.
267 2530 363 2600 tato,
388 2525 505 2606 imperii
527 2523 690 2584 Andronici
714 2524 762 2589 15.
799 2523 923 2582 dunas
942 2541 1015 2582 vero
1038 2521 1103 2582 sino
1120 2519 1277 2580 intumis·

174 2611 275 2686 sione,
296 2612 389 2669 immo
405 2630 473 2670 cum
489 2609 689 2670 atrocioribus
706 2606 835 2669 subinde
849 2609 1000 2673 ,indorum
1015 2605 1200 2685 augmentis,
1223 2623 1280 2666 us-

175 2716 234 2775 qua
256 2696 295 2755 ad
313 2695 404 2754 finem
427 2694 521 2754 linias
536 2693 696 2768 historiae,
716 2693 898 2772 intelligitur
917 2711 955 2752 ax
974 2691 1221 2770 frequentissimis
1241 2707 1278 2748 aa

175 2783 214 2842 da
229 2801 262 2840 ra
276 2781 374 2840 nostri
386 2779 523 2840 hunnici
538 2780 667 2860 qnsrslis
680 2797 716 2838 ac
728 2777 989 2840 lamentationibus
1004 2797 1061 2858 por
1075 2785 1202 2836 cunctos
1213 2776 1278 2835 fers

175 2875 392 2944 eoumquen-tss
402 2864 494 2926 liuius
507 2867 608 2946 operis
618 2861 713 2926 libros
728 2865 849 2946 sparsis.
887 2885 888 2888 ¹

261 2951 295 3010 V.
337 2951 384 3010 Ex
399 2951 447 3011 lais
469 2960 552 3030 patet
567 2971 655 3031 quam
672 2959 871 3011 nomentanae
883 2949 922 3010 ad
936 2956 1057 3008 noctua
1071 2943 1164 3005 huius
1179 2941 1278 3004 histo«

176 3036 239 3097 rias
258 3036 431 3098 memoriam
453 3036 584 3096 trabum
606 3036 727 3096 annales
744 3035 877 3096 rueram
897 3033 980 3114 quod
1002 3031 1141 3113 saporius
1160 3027 1277 3090 macn-

176 3120 302 3202 psimus,
324 3121 515 3200 Ortogrulssn
537 3117 694 3181 Othmanis
708 3129 824 3201 patrem
842 3119 950 3179 obiisse
966 3137 1045 3178 anno
1059 3116 1185 3194 Hagirso
1199 3113 1273 3189 687,

150 3261 152 3266 ,
177 3203 231 3285 qni
243 3203 380 3284 sx‘par'ta
394 3206 538 3268 coincidit
555 3226 624 3274 curn
645 3227 724 3266 auno
744 3204 854 3265 Christi
871 3210 971 3279 1288,
991 3202 1143 3282 inclytum
1159 3199 1278 3260 bellicis

177 3289 382 3364 auctionibus,
404 3291 441 3350 da
461 3293 595 3350 Romans
614 3290 757 3350 videlicet
778 3290 889 3350 Paesici
908 3289 1013 3350 limitis
1035 3287 1143 3348 militis
1162 3285 1279 3358 relatis,

177 3379 290 3459 quippe
304 3395 379 3455 quae
394 3376 454 3435 iam
472 3386 537 3436 tum
556 3398 572 3434 a
590 3386 708 3456 recepta
730 3377 767 3435 de
785 3375 896 3434 Latinis
919 3371 1196 3452 Constantinopoli,
1217 3367 1279 3428 hoc

177 3470 226 3522 est·
241 3461 278 3519 ab
291 3461 378 3518 annis
392 3470 474 3520 astro
490 3461 637 3537 cadouin,
659 3459 808 3521 debilitari
822 3460 908 3520 valde
924 3469 1073 3542 coeperat.
1101 3469 1194 3535 quare
1209 3473 1280 3514 snc-

177 3546 286 3606 cadens
307 3543 465 3624 Ortogruli
484 3545 615 3606 Othmsn
638 3545 719 3607 iilius
741 3545 855 3626 aliquot
874 3546 932 3606 iana
955 3555 1021 3606 tum
1035 3539 1142 3603 babuit
1156 3540 1224 3599 loca
1241 3537 1281 3598 da

176 3631 319 3691 Romanis
338 3651 427 3692 mana
447 3641 550 3712 parta,
573 3628 683 3710 quibus
703 3632 791 3712 plura
811 3632 985 3711 maioraque
1003 3636 1164 3712 postquam
1184 3633 1283 3684 anund

176 3735 246 3777 rum
270 3716 405 3797 plurium
424 3717 566 3776 continua
584 3715 727 3776 felicitato
744 3717 782 3776 ad
799 3728 952 3798 paternam
967 3710 1183 3792 Karsiaptagss
1195 3710 1285 3769 adic-

177 3799 443 3877 straditionem,
465 3802 597 3863 sultanis
609 3801 747 3882 danique,
767 3801 886 3863 hoc'est
899 3800 1030 3881 aupmmi
1042 3796 1201 3878 principis,
1222 3813 1285 3853 no-

176 3905 246 3950 man
260 3885 342 3948 hsad
358 3887 507 3946 dubiusit
520 3907 678 3968 usurpare,
698 3887 777 3948 taari
793 3909 824 3948 aa
837 3887 917 3946 illud
929 3904 1017 3967 posse
1032 3903 1165 3966 sperans.
1188 3879 1283 3940 huius

176 3971 291 4054 primas
305 3991 342 4032 ao
355 3973 441 4054 quasi
461 3968 694 4040 fundamentalis
708 3966 1038 4054 epochanttomsnici
1049 3967 1169 4050 impar-ii
1181 3965 1284 4025 eadem
1328 3963 1331 3990 s

178 4075 217 4116 ax
232 4071 306 4117 vero
322 4057 479 4120 inordina
495 4066 665 4140 temporum
680 4067 811 4119 statuere
822 4067 961 4116 nostram
979 4061 1040 4130 ast,
1064 4055 1148 4134 quod
1162 4051 1286 4110 efficere

178 4141 356 4204 conabimur
377 4145 557 4226 comparatis
578 4139 710 4208 tratum
732 4144 984 4219 chronologorum
998 4149 1028 4202 at
1040 4139 1137 4199 nostri
1157 4135 1283 4216 Pachy-

177 4228 269 4298 maris
281 4227 470 4292 testimoniis.
498 4232 592 4296 natast
605 4229 818 4310 Pscbyrneres,
837 4249 868 4308 p.
883 4229 946 4292 siti
958 4246 987 4286 v.
1000 4231 1040 4302 6,
1060 4226 1218 4286 Atmanam
1233 4222 1283 4280 in-

178 4311 310 4374 valuisse
322 4316 431 4396 opibus
447 4315 589 4377 adiuncta
603 4315 661 4378 sibi
675 4335 767 4376 mana
779 4311 943 4378 numina
952 4311 1143 4375 stellatorum
1161 4307 1283 4370 omri*
