2774 4784
224 285 300 362 802
520 282 756 352 OBSERVAT.
775 279 1016 350 rrffltrffltt.

220 454 357 539 gestione
370 449 508 526 mettere,
520 449 643 512 tandem
656 449 684 510 ei
696 447 857 530 persuadet
868 447 1027 508 traiectum
1037 445 1070 506 iu
1084 443 1265 506 omanem
1272 452 1336 504 trs-

222 552 314 614 ctum,
334 545 371 598 ut
389 537 430 596 ibi
449 537 550 616 copias
572 557 641 596 cum
659 537 746 616 prius
765 553 801 594 eo
822 537 957 614 protecto
969 531 1115 592 hiiahsbie
1128 527 1270 610 Augusto
1285 531 1334 590 iu-

223 627 309 686 niore
328 622 530 702 coniungeret.
571 641 642 702 ergo
663 619 714 681 iile
740 621 856 680 cunctis
879 618 1021 680 Romanis
1048 617 1228 696 regionibus
1257 637 1331 694 que-

223 731 283 791 que
308 707 429 770 mandit
448 708 590 784 muts,
617 706 718 788 copies
739 705 867 784 denique
889 704 1024 766 traducit
1049 704 1164 783 partim
1189 701 1330 781 mitylene

222 795 335 878 partim
358 795 519 872 lampsaco
554 790 712 871 Madytum
746 801 778 851 et
804 792 836 850 in
869 791 928 851 elie
961 789 1144 849 metenti·
1182 787 1330 848 Occidere

222 883 306 960 loca,
332 879 385 940 ubi
407 879 557 939 Romanos
572 877 723 958 hostiliter
741 877 874 936 Geteieui
898 873 1072 958 depraedati
1094 883 1180 934 sunt.
1229 881 1331 934 nense

223 967 300 1026 haec
328 963 524 1043 Pachymeres
549 964 570 1023 l.
590 968 612 1028 6
644 983 671 1024 c.
691 966 722 1028 8.
777 981 855 1038 quae
886 963 949 1022 sina
978 960 1069 1021 dubio
1102 959 1261 1039 pertinent
1292 959 1329 1018 ed

223 1051 387 1112 Octobrem
403 1059 456 1110 aut
468 1048 665 1108 Nouembrem
677 1047 748 1107 enni
763 1046 837 1106 cm.
851 1052 949 1123 1806,
970 1045 1091 1124 quando
1109 1044 1253 1104 noudum
1266 1045 1329 1104 Διι-

224 1137 367 1197 dronicus
381 1135 441 1211 24,
462 1133 588 1195 michael
606 1137 645 1199 18
659 1132 775 1214 imperii
788 1151 900 1192 annum
914 1133 1116 1212 expleverant
1162 1131 1248 1190 unde
1260 1132 1332 1190 ulti-

224 1243 307 1284 mum
321 1221 355 1283 id
368 1229 487 1299 tempus
504 1230 550 1280 est
563 1239 623 1298 quo
642 1237 751 1280 verum
768 1235 831 1276 esse
843 1219 945 1297 potuit
958 1216 1037 1277 iilud
1050 1215 1135 1294 quod
1152 1217 1261 1276 ambit
1275 1235 1330 1276 uc-

224 1317 288 1369 ster
299 1309 332 1367 in
345 1307 446 1367 [rento
457 1304 526 1367 libri
540 1304 671 1385 septimi:
692 1303 839 1363 ambobus
861 1307 926 1362 iam
945 1301 1201 1382 imperatoribus,
1221 1304 1332 1361 amiati

225 1391 349 1474 quidem
366 1394 489 1452 tertium
510 1403 537 1449 et
553 1393 748 1466 vicesimum,
775 1391 893 1448 iuniori
913 1401 1016 1448 auum
1036 1385 1260 1446 duodecimum
1276 1410 1331 1446 ωι-

224 1499 298 1538 num
318 1479 440 1556 imperii
461 1477 561 1535 evolvi
588 1477 729 1554 contigit.
819 1475 927 1554 egressi
950 1476 1028 1534 enim
1051 1482 1185 1551 uterque
1205 1474 1333 1534 multum

223 1571 311 1624 erent
329 1563 361 1620 in
382 1575 460 1620 anno
474 1561 526 1619 ilie
539 1557 591 1638 24,
612 1559 776 1638 hic13‚ee
818 1569 925 1619 neuter
942 1560 1027 1619 iilum
1047 1559 1236 1619 absolverat:
1259 1559 1334 1618 desi-

223 1656 304 1708 nunt
322 1646 402 1704 enim
423 1645 494 1704 enni
518 1653 610 1722 aeque
628 1644 785 1704 amborum
802 1654 936 1706 extremo
956 1643 1120 1703 Decembri.
1166 1665 1245 1704 usus
1267 1649 1335 1724 mgb

223 1731 401 1812 repetitione
414 1729 543 1808 quedem
557 1738 603 1788 est
618 1731 691 1790 dum
705 1729 763 1788 iste
778 1731 896 1808 scripsit
909 1727 1117 1810 Pachymetes,
1140 1739 1175 1788 et
1192 1740 1279 1790 retro
1300 1750 1335 1789 ex

223 1829 257 1877 ea
274 1825 444 1896 quamtum
461 1815 610 1876 tractebet
623 1815 767 1875 memorie
779 1816 892 1891 resiliit,
913 1815 1067 1895 insignire,
1085 1823 1121 1873 ut
1138 1815 1265 1895 opinor,
1284 1836 1337 1875 vo-

184 1917 186 1922 ‘
223 1903 402 1964 lonsvnom
415 1901 536 1961 initium
546 1899 617 1960 belli
633 1899 809 1974 catalanici‚
830 1900 913 1980 quod
932 1899 1038 1978 siquis
1055 1907 1139 1959 reete
1157 1903 1337 1975 consideret,

223 2008 263 2048 ex
276 1987 334 2046 hoc
345 1995 480 2067 tompore
493 1983 643 2066 processit.
686 1987 740 2045 etsi
756 1987 834 2044 enim
848 1977 948 2045 adhuc
959 1985 1139 2046 Rontreriua
1154 1996 1190 2046 et
1203 1988 1271 2046 eius
1282 1987 1338 2047 mi-

223 2075 291 2133 lites
306 2087 337 2132 se
350 2072 557 2152 stipendiarios
574 2071 690 2152 imperii
708 2061 858 2147 serebant,
886 2081 1066 2130 tamennon
1087 2069 1186 2130 dubie
1206 2081 1338 2154 apertam

223 2159 418 2218 deiectionem
431 2155 696 2232 machinabantur,
717 2155 802 2216 cuius
818 2166 900 2216 certa
912 2156 1022 2216 indicia
1038 2156 1219 2216 &aueum
1230 2159 1339 2237 degen-

223 2255 268 2303 tes
283 2244 404 2303 Galatae
418 2235 591 2304 Andronico
607 2242 796 2318 detulerunt,
817 2252 854 2303 ut
874 2251 977 2302 noster
996 2241 1089 2302 refert
1102 2241 1126 2305 1.
1142 2246 1165 2307 6
1186 2263 1213 2303 c.
1230 2250 1252 2310 6
1268 2254 1300 2304 a
1312 2248 1339 2308 0.

225 2337 255 2388 et
268 2345 338 2387 sane
353 2345 400 2387 res
411 2327 445 2387 id
459 2327 546 2408 ipeee
552 2325 769 2406 loquebantur:
790 2348 860 2388 nem
877 2347 916 2387 ex
929 2319 988 2388 hoc
1004 2329 1188 2408 praesertim
1204 2339 1340 2410 tempure

224 2413 346 2474 relictae
367 2413 595 2492 oppugnationis
608 2413 771 2492 Magnesiae
791 2407 866 2474 nihil
884 2413 982 2473 minus
999 2414 1211 2473 contumaciee
1236 2416 1270 2474 in
1287 2417 1340 2475 im-

225 2507 413 2579 perstarem,
448 2497 587 2558 saevitiae
604 2499 645 2558 vin
669 2497 820 2560 Romanos
841 2515 946 2558 omnes
968 2495 1099 2557 Cateleni
1126 2508 1341 2560 monstrarunt

226 2577 626 2729 tttttbtttittt
638 2575 789 2749 iiiiii,
803 2585 1341 2750 diiiffiiiibffmffli'ss

227 2755 304 2814 aiter
319 2749 618 2833 imperatorblichatl
633 2774 690 2833 pro
704 2755 784 2814 veris
800 2775 860 2830 eor,
881 2755 982 2834 quales
995 2762 1090 2828 erent,
1113 2755 1221 2833 palam
1239 2756 1342 2816 hebuit

226 2839 371 2916 hostibus,
385 2839 546 2919 adiungere
556 2835 623 2899 ilios
637 2839 694 2900 sibi
703 2851 832 2900 rent'rens
845 2841 965 2900 iubente
980 2839 1049 2899 licet
1062 2849 1164 2918 petre,
1179 2852 1214 2902 at
1229 2842 1341 2904 irruere

226 2927 259 2984 in
273 2927 353 3005 ipius
365 2943 395 2984 se
407 2936 546 3005 peretum
559 2925 665 3002 serens,
685 2935 722 2986 ut
735 2925 824 2985 docet
837 2937 940 2986 noster
953 2925 972 2985 1.
986 2929 1006 2990 6
1021 2943 1046 2982 c
1059 2929 1078 2988 8
1094 2933 1129 2983 at
1145 2931 1199 2990 18.

312 3005 388 3072 vul.
430 3011 542 3072 Verum
557 3011 678 3090 quidem
692 3020 738 3071 est
770 3011 814 3072 eri
828 3019 965 3093 coeptum
984 3031 1000 3068 a
1016 3007 1167 3070 Catelanis
1181 3011 1217 3070 in
1232 3014 1340 3073 Rome-

227 3109 283 3156 nos
296 3095 391 3156 multe
403 3097 533 3176 spertins
543 3099 573 3155 et
582 3097 739 3156 immanitas
752 3031 862 3157 hellam
877 3107 946 3178 post
958 3111 1059 3156 necem
1072 3095 1250 3173 Rontaerii,
1271 3116 1340 3177 quse

228 3199 308 3242 enno
328 3182 463 3258 aequanti
483 3182 615 3260 configit.
657 3182 710 3242 aed
730 3181 802 3241 indo
824 3182 906 3244 eliud
928 3201 990 3242 non
1012 3180 1175 3242 coniicitur
1198 3185 1261 3243 nisi
1284 3185 1339 3243 duo

228 3264 314 3345 qusai
325 3265 414 3325 fuisse
429 3267 514 3326 initia
529 3267 688 3327 catalenici
706 3263 792 3343 belli,
814 3287 942 3346 quorum
959 3267 1085 3326 aiterum
1098 3265 1141 3326 ad
1157 3277 1338 3330 autumnum

229 3351 302 3411 enni
315 3349 427 3410 Christi
443 3355 534 3431 1806,
556 3353 683 3413 alterum
697 3349 802 3414 adver
814 3355 885 3414 enni
898 3356 980 3420 1807
992 3351 1131 3431 pertinet.
1175 3354 1266 3414 unde
1279 3373 1339 3415 cre-

230 3437 328 3496 dimus
341 3433 551 3516 Pechymerem
566 3458 635 3498 cum
653 3438 784 3498 secundo
798 3438 955 3500 referendo
970 3457 1000 3496 se
1015 3436 1204 3515 accingeret,
1228 3440 1262 3498 in
1281 3441 1338 3520 ipso

229 3521 335 3582 limine
342 3521 411 3583 libri
422 3528 443 3587 7
453 3521 562 3602 prioris
573 3515 716 3606 epocham
729 3541 768 3584 ex
780 3531 863 3586 retro
877 3523 951 3586 actia
962 3522 1131 3596 retraxisse,
1152 3523 1247 3601 eique
1261 3545 1338 3584 men-

229 3607 311 3666 tione
324 3607 513 3668 coniunxisse
525 3617 632 3668 eventi
644 3609 749 3683 multe,
763 3627 893 3687 quoram
906 3607 1050 3687 quaedam
1063 3608 1249 3686 posterioria
1262 3617 1338 3670 ment

229 3693 406 3769 memoriae,
424 3702 456 3754 et
469 3709 530 3752 nou
545 3693 585 3753 ed
598 3706 711 3754 annum
726 3694 890 3756 Andronici
905 3697 947 3760 23
961 3693 1130 3774 expletum,
1151 3694 1200 3758 24
1216 3715 1337 3755 curren-

230 3787 302 3854 tem,
324 3773 475 3838 Michetlis
489 3783 528 3844 12
539 3779 700 3860 expletum,
723 3785 762 3844 18
778 3791 958 3858 currentem,
979 3779 1030 3857 qui
1043 3777 1101 3837 fuit
1114 3767 1234 3839 Christi
1253 3784 1337 3854 1806,

173 3878 176 3885 ¹
229 3864 436 3942 pertinebant,
458 3854 570 3924 esdad
590 3865 759 3944 sequentem
783 3855 853 3930 Chr.
872 3869 969 3940 1807,
990 3881 1050 3942 quo
1070 3863 1271 3925 Andronicus
1292 3866 1337 3940 28

227 3945 355 4008 blichebl
371 3948 410 4015 14
425 3947 587 4016 iniverunt
622 3949 697 4010 haec
715 3950 806 4030 igitur
818 3951 928 4012 solutio
946 3955 991 4008 est
1011 3943 1191 4010 obiectionis
1205 3951 1338 4032 superius

228 4053 260 4092 n.
274 4035 295 4099 6
307 4034 485 4114 propositae.
527 4035 659 4096 concedo
673 4044 857 4114 secnbrrum,
877 4033 959 4116 quod
973 4033 1148 4114 opponitur,
1168 4031 1337 4096 incommo-

228 4118 302 4177 dum
319 4120 515 4181 submotiortis
537 4121 686 4182 adventus
703 4122 736 4181 in
750 4123 856 4183 urbem
873 4117 1024 4182 nonnoni
1037 4128 1122 4178 retro
1142 4121 1176 4180 in
1196 4121 1337 4181 indictio·

228 4211 298 4280 nem
316 4205 458 4283 primem,
479 4205 504 4266 ai
523 4197 675 4266 Michaelis
692 4200 815 4288 Augusti
840 4208 953 4288 dttpiex
978 4225 995 4264 e
1017 4203 1167 4266 Catelenie
1187 4207 1290 4267 cledes
1310 4213 1336 4264 et

228 4283 300 4345 inde
315 4299 414 4350 secuta
428 4291 492 4352 eius
511 4291 593 4352 intre
605 4291 848 4372 Didymotichum
860 4292 986 4354 indusio
997 4292 1031 4351 in
1044 4309 1161 4352 sunum
1172 4289 1335 4354 Andronici
