2774 4784
484 241 565 312 un
587 242 630 316 u.
680 241 835 314 norun
931 219 937 230 '
1139 245 1214 319 rer

113 435 178 476 non
197 407 421 496 producatque
440 409 529 494 pater,
543 421 590 475 eet
611 413 699 496 (uem
723 413 857 495 Spiritus
872 403 988 496 p'atiem
1007 431 1071 476 uon
1088 411 1201 494 habet)

111 520 171 560 nec
192 499 274 560 filius
297 501 327 560 S.
349 498 496 580 Spiritum
518 499 684 579 producat,
706 519 766 578 que
783 497 865 562 filius
888 509 933 560 est
950 497 1053 579 (filius
1074 499 1154 561 enim
1176 497 1250 564 ut?
1265 497 1318 555 518

111 585 194 656 fitius
213 587 311 646 solum
325 595 440 664 patrem
456 585 619 665 respicit),
641 584 694 645 sed
708 594 770 645 tem
786 595 873 665 peter
888 605 978 664 quam
993 585 1075 646 fitius
1089 591 1226 648 eetenus'

110 680 230 732 tantum
245 669 419 751 producant
427 669 592 750 Spiritum,
615 679 759 748 quatenus
776 669 994 730 identificetnm
1009 671 1066 731 sibi
1085 671 1212 752 quisque

111 749 262 830 obtinent,
293 763 323 814 et
345 764 486 814 exercent
512 755 633 815 unicum
655 753 839 815 indivisibile
860 754 994 834 spirandi
1015 756 1210 837 principium,

111 840 195 920 quod
211 839 336 920 spiratio
360 840 459 900 sotira
479 839 581 901 vocari
601 839 777 921 praesertim
790 840 823 898 in
838 839 949 902 scholis
962 840 1051 904 solet.
1093 841 1211 902 doctri-

109 946 180 986 nam
205 924 286 986 benc
304 925 428 1004 antique
450 928 594 986 continue
617 925 783 986 traditione
800 925 872 984 inde
889 944 985 1005 usque
1003 946 1021 983 a
1039 925 1159 987 Christo
1181 935 1212 988 ot

109 1011 262 1092 Apostolie
279 1011 502 1084 transmissam,
522 1009 567 1070 sic
582 1009 694 1071 diserto
711 1011 834 1070 Graecis
847 1010 922 1090 ipsis
936 1010 1164 1088 agnoscentibus
1179 1021 1210 1072 et

65 1171 67 1176 Α
109 1093 354 1171 admittentibus,
376 1095 508 1174 explicet
531 1093 693 1156 concilium
718 1097 941 1154 oecumenicum
965 1096 1162 1172 Lugdunense
1180 1104 1211 1156 et

108 1181 141 1241 ei
157 1201 258 1240 coram
274 1180 445 1260 praesidens
460 1181 622 1259 Gregorius
636 1183 664 1240 X
676 1189 761 1263 pont.
776 1200 855 1244 max.
881 1181 1034 1240 decretum
1057 1180 1091 1240 id
1110 1183 1209 1241 resero

107 1274 203 1346 prout
225 1286 242 1322 a
259 1264 397 1326 Mantele
419 1265 524 1324 Culeca
544 1266 706 1342 recitetur,
726 1265 814 1345 quale
829 1265 915 1324 illino
931 1263 969 1324 ad
985 1265 1115 1324 Graecos
1130 1266 1209 1325 mis-

108 1370 177 1410 sum
199 1349 343 1429 ipsorum
356 1350 458 1429 lingue
480 1359 533 1409 eet.
575 1351 602 1410 is
618 1351 697 1410 enim
711 1351 843 1432 scriptor
857 1351 936 1426 libro
957 1359 1063 1410 contra
1077 1350 1207 1412 Graecos

107 1456 135 1494 c.
153 1438 195 1501 89
213 1434 259 1494 sic
280 1433 389 1496 habet:
421 1430 585 1520 Γρηγύριος
609 1436 642 1500 iv
663 1441 702 1522 τῇ
727 1432 804 1499 uerri
824 1430 1025 1516 Λούγδουνον
1044 1453 1208 1517 σνγιιροτη·

106 1521 200 1604 θτίσρ
219 1523 372 1602 aedelred
391 1518 520 1605 σννύὸςο.
563 1514 685 1601 ιύίαβιῖ
701 1520 754 1584 καί
772 1525 866 1606 nsueti
885 1519 1031 1605 ὁμολογίᾳ
1051 1518 1152 1600 φαμὲν
1171 1517 1207 1584 τὸ

105 1609 229 1684 πνεῦμα
241 1599 277 1667 τύ
291 1600 379 1687 ἅγιον
395 1598 501 1679 trites
515 1602 674 1687 ίιιιιατρᾶς
690 1606 741 1668 καί
751 1607 843 1680 οἱοῦ,
865 1599 919 1686 orig
934 1604 977 1678 cie
989 1604 1022 1668 ίιι
1034 1600 1093 1667 δύο
1106 1599 1207 1688 αἷρχαῖν

105 1683 177 1752 eitt'
190 1687 233 1763 ede
250 1688 283 1752 ἐκ
299 1693 385 1770 μιᾶς,
406 1684 444 1753 ον’
457 1689 526 1754 δυσί
542 1686 704 1754 πνιύσεσιν
720 1687 744 1770 ἢ
759 1685 979 1770 ίιατορεύσεσιν,
989 1684 1064 1751 ἄλλοί
1080 1693 1136 1776 μιᾷ
1153 1688 1207 1752 καὶ

104 1776 147 1859 τῇ
165 1768 244 1860 αύτῄ
260 1769 491 1856 ἐκπορεύεσθαι.
532 1772 769 1839 innotesces
790 1770 938 1857 ύμολόγει
956 1774 1007 1848 καί
1026 1769 1162 1838 διδάσκει
1182 1771 1207 1856 ἡ

104 1854 172 1940 ἱεροί
194 1858 247 1920 ieci
271 1857 343 1941 ύγία
362 1855 510 1940 Ῥωμαϊστὶ
534 1859 691 1941 ἐκκλησία,
713 1860 736 1942 ἡ
752 1855 850 1940 μήτηρ
865 1853 991 1922 πάντων
1008 1862 1206 1942 τοῖντιιστοῖν

103 1941 157 2006 καὶ
173 1940 363 2018 διδάσκαλος.
405 1949 495 2007 τοῦτο
512 1944 626 2026 κατέχει
639 1943 662 2024 ef
675 1947 741 2008 τοῖν
751 1937 925 2028 ύρθοδύξαν
939 1942 1077 2026 πατέρων
1094 1942 1146 2006 καί
1160 1945 1205 2006 ds-

103 2025 263 2092 δασκύίσον
275 2033 337 2092 τοῖν
349 2049 381 2091 τι
394 2030 537 2093 Λατίνων
556 2029 609 2093 uei
622 2033 686 2091 τοῖν
700 2033 843 2110 Γραικῶν
853 2025 975 2109 dietrice
990 2027 1042 2090 καί
1064 2021 1205 2109 ciperent-

103 2136 195 2188 νητος
212 2117 331 2194 ψῆφος.
360 2113 421 2174 buu
433 2123 494 2174 est:
519 2116 687 2196 Gregorius
700 2116 892 2174 Decimuein
904 2111 994 2192 opud
1008 2111 1205 2192 Lugdunum

102 2210 289 2280 congregata
302 2200 473 2258 universali
486 2199 619 2278 synodo,
643 2197 796 2258 devota'et
809 2196 903 2278 fideli
918 2199 1104 2274 confictione
1122 2195 1203 2255 dice

103 2305 173 2344 mue
190 2287 342 2364 Spiritum
361 2285 511 2343 Sanctum
533 2285 727 2343 aeternaliter
746 2295 880 2364 expetire
895 2283 1022 2362 etfils'b,
1043 2302 1104 2340 uon
1118 2291 1201 2363 tam-

102 2389 198 2449 quam
219 2389 254 2427 τα
272 2365 392 2428 duobus
408 2371 574 2449 principiis
595 2367 651 2428 ecci
674 2379 883 2450 temperantes
901 2389 980 2445 uno,
1002 2387 1063 2430 non
1079 2363 1202 2425 ύιιιτόιιι

100 2447 326 2532 spirationibus
355 2464 412 2533 out
433 2453 682 2534 processionibus
698 2455 754 2513 sed
776 2475 840 2514 una
862 2464 890 2511 et
913 2450 1015 2512 eadem
1029 2448 1202 2532 procedere.

99 2539 158 2597 ίιοο
174 2539 323 2600 hactenus
331 2541 475 2618 professa
491 2551 552 2620 est,
568 2537 789 2620 praedicavit,
802 2537 922 2620 docuit,
944 2537 1143 2616 hocfirmiter
1157 2547 1201 2594 te-

99 2635 164 2700 net,
178 2621 360 2704 praedicat,
376 2625 541 2704 profitetur·
553 2637 581 2684 et
595 2623 681 2686 docet
692 2636 889 2684 sacrosancta
901 2625 1046 2683 Romana
1065 2623 1201 2697 ecclesia,

99 2719 198 2772 mater
217 2713 352 2768 omnium
362 2706 509 2788 fidelium
527 2721 556 2768 et
574 2713 736 2792 magistra.
778 2709 944 2769 stocheim
964 2705 1202 2767 orthodoxorum

95 2805 224 2874 potrum
239 2805 332 2874 atque
343 2792 505 2854 doctorum
512 2797 699 2856 Latinorum
708 2799 830 2876 pariter
843 2806 872 2853 et
886 2797 1070 2854 Graecorum
1087 2811 1160 2850 verce
1173 2799 1201 2848 et

98 2880 361 2940 incommutabilis
378 2883 536 2941 σιτισαιίὶα.
578 2881 622 2941 ita
643 2881 687 2940 ibi
710 2880 872 2958 Gregorius
885 2881 943 2954 Χ,
954 2877 1056 2936 statim
1069 2884 1139 2956 poet
1150 2875 1199 2934 in.

74 3028 76 3032 ,
98 2963 203 3025 dioans
218 2985 257 3026 ex
274 2965 331 3024 ista
344 2986 407 3025 non
424 2966 495 3026 satis
516 2965 659 3028 distincte
673 2961 829 3025 observata
847 2964 974 3024 verisne
987 2963 1089 3043 lapsos
1106 2980 1199 3039 quos-

98 3049 169 3118 dam
185 3049 219 3108 in
238 3048 338 3112 variae
356 3048 510 3129 haereses,
532 3053 639 3132 nempe
657 3051 733 3110 dues
748 3051 820 3109 istas
833 3069 850 3108 e
864 3047 1015 3107 contrario
1034 3045 1198 3126 oppositas,

97 3131 265 3194 dicentium
286 3155 324 3194 ex
346 3136 411 3195 solo
431 3137 699 3217 petre'procedere
713 3137 861 3206 ¹Sanctum
876 3132 1038 3214 Spiritum,
1060 3129 1197 3192 enatura

96 3217 244 3278 mentium
263 3239 300 3279 ex
318 3229 405 3300 patre
422 3219 545 3300 filioque
568 3220 704 3282 eumdem
721 3229 874 3298 tamquam
894 3237 932 3277 ex
949 3217 1066 3278 duobus
1081 3234 1197 3296 proce-

97 3301 169 3363 dere
187 3304 351 3385 principiis.
395 3307 478 3385 quod
497 3316 658 3386 utrumque
677 3305 949 3365 exorbitaterecte
967 3301 1046 3377 fide,
1066 3300 1140 3360 bine
1156 3296 1195 3357 ad

96 3387 250 3450 dexteram
263 3389 348 3448 illinc
362 3389 402 3451 ad
415 3391 565 3452 sinistram
579 3391 617 3451 ab
635 3411 695 3451 une
712 3409 784 3450 vers
797 3389 853 3448 sita
868 3389 901 3447 in
918 3388 1017 3448 medio
1033 3385 1197 3444 deflectens

94 3473 156 3533 via.
199 3474 270 3552 quia
298 3494 371 3535 vero
396 3474 475 3535 bene
502 3476 664 3536 seeundum
685 3474 830 3538 haeresim
853 3474 912 3534 duo
934 3471 1060 3552 Spiritui
1082 3470 1193 3526 Sancto

93 3556 247 3638 principia
263 3559 460 3638 assignantem
474 3555 581 3621 Graeci
599 3560 710 3620 Latinis
724 3559 928 3639 imputabant,
950 3563 979 3616 e‘t
992 3555 1123 3634 priorem
1135 3571 1193 3632 pe·
1315 3633 1317 3638 ,

93 3644 136 3703 tri
148 3644 206 3702 soli
220 3645 284 3724 eius
295 3644 527 3726 productionem
541 3645 721 3706 tribuentem
733 3644 830 3704 Latini
842 3642 973 3704 vicissim
987 3636 1192 3718 impingebant

94 3728 235 3807 Graecis,
256 3737 292 3789 ut
308 3730 409 3790 ambos
424 3740 478 3790 eut
491 3752 592 3792 errore
602 3741 656 3790 aut
670 3730 840 3811 suspicione
852 3727 918 3788 istis
931 3723 1092 3802 Gregorius
1112 3731 1191 3803 pur-

92 3823 191 3891 garet,
210 3824 304 3895 prout
325 3815 364 3874 ad
381 3817 607 3877 consensionem
624 3818 703 3876 inter
719 3825 862 3893 utrosque
875 3808 1081 3871 stabiliendam
1095 3825 1190 3886 opor-

91 3897 191 3976 tebat,
210 3901 292 3960 ultro
314 3899 436 3960 damnat
455 3902 544 3964 sabae
566 3902 722 3981 opiniones
744 3901 817 3959 istas
838 3907 867 3957 et
886 3904 921 3954 ut
937 3893 1100 3953 haereticae
1112 3910 1189 3971 pros·

90 3981 223 4052 scribit..
248 3985 340 4046 verba
353 3985 415 4046 eius
428 3987 631 4067 superioribus
650 3986 792 4046 continue
805 3981 857 4042 hic
870 3978 1079 4040 describamus.
1122 3967 1190 4037 ἄλλ’

89 4065 156 4131 irini
168 4091 249 4143 τινες
264 4065 314 4132 tut
324 4075 380 4150 τῆς
392 4065 542 4152 ύρρήκτον
557 4066 670 4151 ταύτης
684 4064 831 4148 nitigesius
846 4061 972 4148 ἄγνοιαν
989 4062 1033 4137 τίς
1050 4061 1198 4134 ποικίλας

89 4149 219 4233 αἱρέσεις
234 4153 470 4236 incusemus,
484 4153 580 4244 rimie
595 4161 696 4219 πᾶσαν
714 4150 790 4218 o‘driv
809 4157 874 4226 ταῖς
889 4143 1041 4222 τοιαύταις
1058 4144 1189 4248 αἱρέσεσι

9 4245 10 4262 ’
88 4229 294 4324 ύτιοφρύττειν
317 4238 559 4324 ίαιθνμιηιες,
579 4245 635 4323 τῆς
658 4240 743 4326 ἱερᾶς
762 4231 1032 4322 σομψηφιζσμίνης
1047 4232 1187 4308 moino,
