2798 4786
215 251 268 326 98
495 283 497 288 ’
535 253 713 336 GEORGll
738 253 1004 326 alcuinianis
1070 281 1071 284 ¹

218 451 292 506 τοο,
321 428 386 499 πῶς
401 422 434 488 ἐκ
455 428 513 489 τοῦ
530 431 709 509 προσεχῶς,·
727 421 822 512 ιὁρᾶτε
846 424 888 501 alc
905 433 981 490 ποῖα
995 417 1174 512 ἂρκῦοτπτα
1186 426 1320 507 πίπτετε,

218 529 280 613 τὴν1
306 527 470 612 θεολογίαν
499 526 838 618 καταρροποίνοντες.”
898 529 948 592 καί
972 527 1002 592 ci
1024 528 1091 612 napi
1119 527 1175 593 cdv
1204 529 1322 596 Βίκκον

180 632 203 685 ⁰
223 628 505 715 “ipoloyocinevcd
522 627 769 715 cocordiaeque,
795 633 845 696 καὶ
860 625 1040 716 συγγνώμην
1056 633 1209 713 αἰτοῦμεν.
1249 631 1323 698 οὐδὲ

219 735 278 822 γὰρ
292 723 428 800 αὐτόθεν
444 731 516 816 ἡμῖν
533 730 553 814 ἡ
568 730 647 818 ὁρμὴ
669 740 726 799 τοῦ
745 740 846 800 ταῦτα
867 731 959 818 λίγειν
982 733 1015 798 ἐκ
1027 735 1163 816 ματαίας
1183 734 1319 820 ὄρίξεως,

219 829 355 920 ἂλλήἦν
379 833 414 900 τὸ
436 844 632 920 παροτρῧναν
654 837 762 903 αίτιον.
815 830 852 902 τ’ίι
871 835 906 900 d’
933 829 972 920 ἦν
993 838 1173 922 νομιζομένη
1188 845 1345 920 trieterica

220 941 385 1028 ἐκκλησιῶν
400 939 552 1022 διχονοίας
566 935 705 1014 διάλυσις
711 988 735 1020 ,.
752 935 829 1005 ὥστε
849 938 968 1004 ἐκείνων
986 939 1042 1020 μέν
1053 940 1221 1024 χριομίνιον
1234 948 1274 1028 τῇ
1289 941 1322 1006 ἔκ

219 1041 308 1126 ἡμῶν
328 1042 362 1107 δὲ
377 1047 415 1128 τῇ
438 1037 509 1120 διά,
542 1043 774 1128 προστιθέντων
799 1043 849 1108 καί
871 1039 1055 1127 αἰμροτίρων
1077 1045 1126 1107 ἐπὶ
1149 1050 1206 1108 τοῦ
1221 1043 1321 1110 αὐτοῦ

220 1152 277 1230 τῆς
294 1145 458 1230 θεολογίας
471 1140 587 1224 τόπον,
615 1144 671 1210 οὐκ
688 1143 789 1220 ἄλλως
802 1142 1093 1230 ἐμεινισομβιβοίζειν
1102 1193 1114 1224 ,
1141 1148 1169 1210 εί
1178 1146 1222 1229 μὴ
1238 1144 1322 1212 οὕτω

180 1250 366 1334 υλέγοιμεν.
419 1249 452 1320 τί
470 1248 522 1328 dcl
543 1245 603 1312 ιλιοὶ·
618 1254 711 1314 τοῦτο
735 1249 935 1332 παροβασίος
954 1251 987 1326 ἐξ
1010 1244 1180 1340 ὁλοκλήρου
1195 1251 1246 1313 καί
1265 1248 1320 1334 ἐφ’

220 1353 333 1438 αίρέσει
355 1351 551 1436 κριθείημεν,
583 1346 626 1426 ὡς
647 1349 832 1436 ἀθετεῖσθαι
852 1351 909 1432 μὲν
930 1351 1121 1435 χειροτονίαν
1128 1348 1321 1432 ,·κατανιλο’·-
1330 1368 1363 1432 1⁰

218 1461 329 1522 νεοθαι
343 1455 376 1518 di
394 1453 434 1518 eoi
447 1451 518 1537 ilym
528 1501 538 1532 ,
564 1456 615 1518 καί
636 1452 712 1520 αὐτὸ
736 1455 770 1520 δέ
788 1453 823 1518 τὸ
838 1453 1007 1518 τελεστικόν
1034 1451 1120 1539 ἅγιον
1134 1453 1320 1520 ἀθετεῖσθαι

219 1555 331 1643 μύρον(
345 1558 395 1622 aui
420 1556 710 1648 παραρρίπτεοθαι,
742 1554 789 1622 ὅτι
806 1551 879 1638 ἡμίν
904 1556 1092 1640 τετίλεσται;
1117 1559 1181 1621 ἐπεί
1195 1559 1247 1622 τοί
1259 1557 1323 1644 γε”

219 1662 298 1746 φασὶ
315 1661 389 1723 “xcl
401 1655 474 1740 ὑμῖν
488 1659 730 1744 παραβίβασταί
740 1665 769 1724 τι
784 1665 1003 1744 θεολογοῦσιν,
1028 1657 1070 1735 ὥς
1088 1661 1235 1742 δείξομεν.
1262 1653 1319 1745 ἆρ’

219 1757 273 1828 οὖν
294 1762 347 1827 διὰ
369 1769 491 1840 ταῦτα,
520 1760 647 1847 ἇφίντες
669 1757 743 1844 ὑμῖν
764 1756 915 1847 ἐγκαλεῖν,
945 1761 981 1828 τὸ
999 1768 1060 1828 πᾶν
1082 1761 1322 1850 ἀφανίσομεν,·7’

133 1889 153 1940 Ρ
170 1887 205 1940 63
222 1868 272 1932 καί
287 1871 349 1931 τῶν
363 1861 508 1930 εἰπόντων
527 1871 549 1902 “
557 1869 608 1929 καί
629 1867 762 1930 ποῦεκαέ
779 1865 827 1930 inl
846 1866 925 1930 τίσιν
940 1861 1014 1948 ἡμῖν
1035 1865 1322 1950 παραβίβασται;”
1331 1885 1363 1938 15

218 1970 349 2058 ἐκείνους
372 1969 510 2060 ἐκβαλεῖν
527 1967 624 2044 ἐνθίις
643 1964 760 2052 χάρτην
775 1970 826 2034 κοιλ
841 1969 1023 2053 ἐμφανίζειν.
1076 1971 1127 2032 καί
1140 1968 1212 2044 τούς
1225 1962 1322 2046 αὖθις

218 2068 407 2158 ἀναγνόντας
429 2070 591 2157 ἀρνεῖσθαι
615 2073 665 2136 καί
687 2069 922 2154 ἀναθεματίζειν
944 2057 998 2137 τὸν
1023 2065 1131 2156 λόγον,
1157 2071 1264 2154 σχεδὸν
1287 2073 1323 2138 δέ

218 2177 268 2242 καί
289 2174 384 2244 αὐτὸν
406 2173 461 2241 τὸν
481 2170 658 2260 γράψαντα.
710 2173 791 2240 ἀλλὰ
814 2173 869 2242 τὸν
882 2169 1109 2260 Μοσχιίμπαρα
1123 2171 1230 2240 ἰδόντα
1243 2171 1322 2257 ὅμο-

218 2390 333 2460 roganti:
358 2388 381 2440 εἰ
405 2405 438 2440 ex
455 2387 534 2456 primo
551 2391 611 2452 eet,
636 2387 760 2458 quomodo
777 2393 805 2440 et
822 2404 854 2441 er
871 2404 901 2441 eo
918 2385 962 2458 qui
979 2387 1097 2441 continue
1113 2404 1146 2440 ex
1162 2385 1243 2457 primo
1260 2386 1321 2440 eati

219 2461 308 2511 videte
325 2458 350 2509 io
367 2473 432 2525 quaa
450 2473 496 2508 voa
513 2456 695 2527 perplexitates
711 2457 829 2521 induitis,
853 2456 1006 2524 theologiam
1024 2463 1230 2527 conapurcautee.
1264 2455 1324 2510 Fe-

217 2537 301 2580 temar
323 2523 493 2578 temeritatem
517 2535 545 2576 et
567 2527 665 2577 veniam
694 2526 834 2608 poacirouac
857 2543 909 2596 qua
935 2534 963 2578 et
987 2525 1058 2595 digni
1074 2525 1156 2580 videri
1179 2541 1322 2594 poseamus,

218 2605 344 2666 queteuue
360 2609 409 2646 noo
428 2594 478 2646 levi
496 2593 628 2662 prurigine
646 2595 768 2648 novrutie
785 2598 830 2647 aut
842 2593 1012 2647 laetabundae
1023 2593 1181 2647 curiositatia
1196 2595 1323 2648 inatinctu

217 2666 243 2717 in
260 2665 312 2716 iata
328 2665 445 2714 volentes
460 2662 618 2729 incurrimus,
636 2664 682 2718 aed
699 2681 745 2733 ape
761 2663 871 2732 iugentia
888 2680 982 2731 operae
1001 2663 1078 2732 pretii
1093 2664 1233 2732 pertracti3
1251 2663 1322 2732 quod

217 2732 269 2788 ieta
285 2732 340 2786 aola
357 2730 457 2784 ratione
474 2735 631 2800 putabantur
646 2740 735 2784 vetera
758 2743 786 2784 et
807 2731 948 2801 pernicioaa
966 2732 1072 2785 diacidia
1093 2731 1186 2785 dudum
1211 2731 1322 2786 inlata-

217 2819 273 2856 rum
289 2800 398 2854 invicem
415 2799 579 2853 eccleciarum
597 2803 715 2858 Graecae
732 2799 895 2870 Latinaeque
918 2818 994 2870 pocae
1010 2801 1135 2870 componi.
1171 2817 1226 2853 cum
1253 2801 1322 2854 enim

217 2869 243 2926 in
261 2888 293 2924 eo
310 2870 387 2923 cardo
405 2867 481 2938 litigii
497 2877 661 2935 verteretur,
678 2869 746 2940 quod
763 2870 789 2922 iu
808 2871 955 2940 explicando
974 2869 1116 2924 divinarum
1133 2869 1322 2924 emanationum

216 2939 337 3010 dogmate
353 2938 440 2992 Latini
466 2939 655 3008 praepositione
679 2949 712 2992 ex
737 2946 885 3002 uterentur,
912 2955 959 2992 noa
978 2955 1036 2991 vero
1054 2939 1243 3009 praepoaidooe
1259 2937 1321 3003 deci,

217 3025 284 3131 qpee
300 3007 363 3128 ippiia
380 3008 450 3060 valet
465 3023 523 3128 petp³
534 3008 693 3092 maniieatunr
711 3008 1006 3130 eetdnonniuiaeeteql'ipm
1023 3007 1212 3129 cpqtrovoreiap
1228 3008 1323 3129 ίὶῑοὲεο-

252 3095 267 3129 e
297 3093 326 3129 ra
348 3093 421 3130 ouem
471 3094 488 3128 u
555 3093 588 3130 ue
611 3095 638 3129 ιο
683 3094 752 3130 raeru
772 3095 812 3130 rca
865 3094 910 3130 aen
976 3095 991 3130 a
1016 3094 1109 3130 ouxe
1151 3095 1259 3130 ereanr
1280 3094 1311 3130 ce

217 3163 293 3216 quam
310 3115 504 3198 demonetlandc
521 3094 608 3211 llilcte,
633 3095 681 3198 hali
703 3146 808 3200 duarum
830 3145 977 3198 vocularum
999 3095 1163 3214 eynouyrnill,
1189 3115 1322 3200 conciliari

216 3222 306 3285 partes
322 3215 419 3277 ambae,
435 3221 463 3265 et
479 3213 506 3265 in
517 3231 598 3268 uuam
615 3215 749 3268 orthodoxi
769 3215 896 3284 dogmatia
912 3213 1050 3267 locutiones
1066 3213 1153 3283 apecie
1170 3214 1321 3282 discrepan-

218 3291 260 3338 tee
276 3283 396 3368 adaptari
412 3283 570 3336 aeotentiam.
606 3283 665 3352 qnid
684 3285 788 3337 autent
804 3301 837 3337 aa
853 3285 902 3336 hoc
919 3283 1016 3351 egendo
1031 3284 1145 3336 nefariae
1161 3300 1178 3337 a
1195 3289 1250 3336 tota
1267 3284 1322 3337 lide

218 3370 251 3407 ac
263 3352 387 3420 religione
404 3351 529 3404 catholica
546 3352 695 3406 deiectionis
713 3352 808 3406 crimen
826 3352 1012 3406 conecivimuai
1033 3369 1065 3404 en
1083 3352 1275 3406 commeruimua
1291 3360 1323 3405 ut

218 3423 354 3475 haereseon
378 3421 529 3474 maniieatae
550 3421 744 3476 damnaremur?
769 3439 828 3474 num
845 3429 916 3474 tauta
940 3428 982 3474 eet
996 3420 1092 3473 incidie
1109 3426 1263 3490 procuratae
1281 3421 1321 3474 aie

218 3490 299 3562 pecie,
317 3496 346 3543 ut
362 3497 389 3552 et
406 3497 518 3541 nostram
534 3490 721 3542 ordinationem
737 3491 796 3545 ideo
813 3489 924 3543 rescindi
940 3489 980 3542 lae
996 3489 1084 3556 luerit,
1100 3500 1131 3542 ut
1146 3499 1237 3544 aeocta
1258 3508 1322 3544 cou-

219 3559 342 3612 teminata
358 3557 501 3621 declarari,
522 3565 553 3610 ut
568 3575 668 3612 sacrum
683 3559 765 3629 ipsum
782 3559 907 3619 chriama.
930 3557 999 3628 quod
1025 3567 1112 3612 nostra
1128 3568 1198 3612 eaaet
1214 3559 1322 3613 benedi·
1351 3577 1352 3582 ¹

218 3627 302 3682 ctione
324 3625 524 3690 sanctificatum,
548 3627 624 3681 obiici
639 3637 670 3680 ut
686 3631 818 3697 profanum
836 3627 1031 3749 conculcarique
1047 3627 1184 3680 debuerit?
1207 3627 1280 3698 atqui
1302 3645 1320 3682 a

218 3696 305 3781 volcie-
318 3713 419 3766 quoque
444 3695 471 3748 in
496 3695 569 3750 modo
592 3697 625 3749 de
648 3697 744 3750 divinia
766 3697 967 3750 emanationibue
1002 3696 1111 3779 qquendi
1134 3696 1321 3780 olieneumpeat

218 3765 412 3905 titillet
427 3767 616 3888 titula
630 3783 688 3887 tt?
702 3777 846 3888 litut
864 3767 1321 3904 z:;.:1;:⁰lntz⁰.nnluutz

217 3920 280 3975 pere
297 3905 347 3956 hoc
364 3904 529 3972 colloquium,
553 3910 579 3956 et
597 3905 791 3957 communionem
808 3911 919 3956 ecetram
936 3910 1063 3973 tamquam
1080 3904 1241 3958 anathemate
1257 3919 1320 3973 per-

217 3989 348 4026 cueaorum
368 3971 497 4036 aversari,
520 3989 552 4024 ac
573 3972 613 4025 aic
634 3989 731 4026 omnem
748 3972 919 4025 conciliandae
941 3973 1091 4026 concordiae
1106 3990 1178 4043 apem
1195 3970 1319 4042 viamque

216 4041 389 4122 praecideret
424 4039 474 4093 Hic
491 4039 644 4094 Patrierclaa
667 4059 723 4094 cum
745 4041 798 4094 auia
825 4043 941 4096 eVeceo
958 4041 1093 4112 requisivit
1116 4042 1205 4095 abiet
1224 4042 1321 4111 quibua

215 4125 242 4162 ua
267 4110 354 4164 verbia
377 4117 530 4164 erratuma
551 4126 581 4162 aa
603 4111 679 4162 toret.
715 4111 801 4164 atatim
818 4110 919 4164 Veccue
936 4111 1050 4164 chartam
1072 4129 1087 4164 e
1111 4110 1167 4162 einu
1192 4111 1320 4179 prolatam

215 4179 334 4233 ostendit.
369 4195 444 4249 quam
461 4177 571 4232 camilli
588 4177 718 4246 iegiaaect,
735 4196 806 4232 accan
824 4189 958 4250 negarunt,
976 4189 1002 4233 et
1019 4191 1068 4234 uon
1085 4179 1158 4232 modo
1193 4179 1244 4232 cod
1260 4185 1321 4233 erat

213 4243 240 4299 iu
255 4265 288 4301 ea
304 4247 436 4318 acriptum,
451 4247 498 4302 aed
515 4251 543 4301 et
557 4245 640 4318 ipeum
660 4249 725 4316 bene
742 4247 832 4318 acripti
849 4256 988 4314 auctorem,
1004 4249 1158 4320 quicumque
1175 4198 1253 4312 itcrat,
1269 4249 1318 4303 aub
