2774 4784
19 231 24 242 ’
170 263 250 338 712
391 347 396 356 ,
480 259 721 331 ousnnvsr.
746 257 987 331 Plomma

170 431 345 494 scholiastes
358 427 484 488 eandem
497 425 656 488 hiatoriam
675 427 823 488 retulerat
839 443 880 487 ax
896 425 956 488 alio
973 425 1112 504 rumore,
1132 426 1187 505 qui
1205 425 1293 510 illam

156 519 272 600 Acasti
282 534 410 576 uxorem
417 508 597 593 Ἱππολύτην
609 513 795 594 Hippolyten
811 513 952 595 appellat
981 531 1059 594 qnae
1074 513 1178 573 verim
1186 514 1292 572 Phae-

111 593 124 640 i
170 603 233 666 dra
248 602 410 677 dicernat,
432 598 518 659 cuius
528 599 631 658 similia
645 599 840 660 castissimum
850 599 980 676 Poleam,
1002 601 1049 659 uti
1060 597 1199 659 Phaedra
1210 599 1292 679 Hip-

171 689 312 772 pontum
333 678 533 767 pellicara'ad
557 684 741 745 adulterium
755 693 861 744 conata
868 729 881 761 ,
900 703 971 746 cnm
984 684 1165 766 persuadere
1178 677 1291 763 naquiss

170 775 273 850 uisset,
294 791 382 833 raum
394 780 431 832 ut
441 769 579 832 Phedrs
591 769 790 851 Hippolytum
813 769 856 830 sic
868 769 1049 850 Astydamea
1062 771 1113 832 vel
1122 769 1291 850 Hippolyte

59 889 69 914 ι
170 861 292 922 Peleum
310 865 476 918 attentatae
498 855 590 938 ipsine
610 856 775 936 pudicitiae
794 855 887 937 apud,
899 858 1001 918 virum
1022 856 1110 916 nimia
1129 855 1289 916 umatum

169 945 302 1028 peragit3
322 942 405 1004 uude
425 943 530 1012 Peleus
552 941 590 1002 ab
610 943 719 1003 Acasto
738 942 860 1003 inermia
878 943 1033 1022 expositus
1056 942 1141 1018 ieris,
1160 941 1291 1002 feliciori

171 1049 262 1110 qnam
277 1029 461 1109 Hippolytus
482 1036 580 1104 sorta,
601 1024 753 1110 μάχαιραν
775 1028 914 1110 (ἔλαβεν)
938 1024 1216 1111 ἡφαιστότευκτον,
1230 1026 1290 1090 eol

172 1111 272 1190 οὕτως
292 1115 385 1197 ἔφυγε
401 1112 455 1178 τὸν
471 1113 635 1191 κίνδυνον,
656 1131 756 1174 ensem
772 1134 790 1171 a
804 1113 940 1174 Vulcano
954 1133 1060 1174 cusum
1072 1113 1220 1174 divinitate
1232 1132 1290 1172 ac*

143 1239 145 1244 .
171 1202 261 1282 cepit,
284 1201 368 1260 maius
383 1219 441 1280 ope
453 1199 620 1278 pericnlum
634 1200 746 1280 effugit.
788 1200 897 1261 Snidaa
908 1200 1033 1260 eandem
1045 1217 1110 1259 ram
1122 1199 1214 1278 paulo
1231 1195 1290 1256 ali-⁶

170 1296 220 1348 ter
231 1287 326 1347 raiert
342 1286 436 1366 verbo
447 1279 621 1366 Ἀταλάντη.
663 1285 809 1347 hactenns
825 1285 966 1365 Fayonus
983 1295 1095 1359 notter,
1117 1291 1289 1366 opportuna

169 1373 203 1432 in
223 1371 397 1433 memoriam
416 1387 563 1433 revocans
579 1388 689 1449 quaes
709 1389 758 1431 me
773 1371 846 1430 alias
861 1373 895 1432 in
910 1369 1119 1451 Aristophanis
1134 1368 1290 1448 Nspdicte

169 1458 249 1520 laeta
268 1456 408 1516 funditus
429 1456 530 1516 animo
545 1457 731 1518 exciderant.
769 1455 887 1537 >gaudeo
908 1466 1010 1516 antam
1023 1455 1096 1514 mihi
1113 1454 1195 1516 hauc
1210 1455 1289 1534 qna-¹

169 1543 360 1620 lemcumqne
371 1541 503 1601 oblatam
518 1541 704 1602 occasionem
714 1543 918 1603 venerationis
928 1551 958 1602 et
967 1541 1159 1622 gratitudinis
1169 1549 1291 1600 testan-

170 1627 228 1689 dae
245 1645 329 1686 meae
342 1643 412 1706 erga
423 1629 525 1688 virum
538 1627 684 1708 oph'mnm
700 1637 731 1688 at
743 1627 957 1708 doctissimum,
979 1626 1113 1704 mihique
1126 1625 1200 1686 olim
1212 1624 1291 1685 ami-

169 1714 330 1788 cissimum,
345 1731 434 1792 quam
450 1709 615 1774 dum'baec
628 1714 737 1791 scribo,
748 1713 873 1794 plenum
885 1714 1028 1793 religiosis
1040 1711 1154 1772 meritis
1169 1711 1212 1770 ad
1223 1729 1291 1770 me-

168 1799 276 1860 liorem
297 1799 393 1860 vitam
408 1798 547 1880 migrasse
568 1799 674 1878 audio,
695 1800 727 1860 in
746 1801 891 1880 longaeva
907 1801 962 1860 scd
982 1799 1121 1859 omnibns
1135 1798 1291 1858 virtutum

169 1883 314 1966 exemplis
338 1885 547 1946 commendata
570 1896 735 1950 senectute.
783 1884 831 1945 bis
856 1886 944 1947 addit
967 1884 1111 1944 Claudius
1129 1883 1291 1944 molanus

168 1970 397 2042 annotationem
411 1970 561 2034 Eustathii
574 1972 614 2032 ad
628 1993 659 2034 v.
677 1971 738 2038 196
752 1967 828 2032 iliad
845 1991 879 2054 ρι
901 1971 980 2054 λέγει
994 1968 1017 2053 η
1030 1970 1195 2052 napospln,
1220 1971 1292 2049 Πη-

170 2055 241 2132 issia
257 2053 316 2138 esic
331 2052 484 2140 μάχαιραν
498 2057 541 2134 oia
559 2055 611 2122 tol
629 2053 836 2140 σωφροσύνην
852 2057 1000 2139 λαβόντρς
1015 2050 1114 2119 ariensi
1125 2053 1179 2118 eol
1197 2055 1292 2133 ξίφος

169 2137 301 2226 θεόθεν.
345 2143 483 2223 adagium
497 2143 557 2205 boc
573 2153 760 2205 memoratur
774 2142 899 2203 asnide
914 2141 1033 2204 duobus
1047 2141 1137 2216 locis,
1157 2161 1192 2206 v.
1214 2138 1293 2222 μέγα

170 2235 325 2336 ppovsiet
336 2249 367 2291 v.
391 2223 525 2310 Πηλεύς.
566 2229 662 2312 priori
675 2230 743 2291 iocc
756 2230 800 2290 sic
814 2229 933 2289 scribite
954 2224 1036 2309 pilo
1047 2231 1159 2311 φρονιῖ
1172 2229 1292 2306 panos

169 2339 193 2396 η
211 2310 334 2395 lintella
347 2313 399 2378 tol
414 2320 454 2404 τῇ
468 2318 610 2403 μαχαίρᾳ.
651 2314 728 2396 poci
745 2308 861 2396 ταύτην
876 2307 939 2378 ἇιιὸ
954 2317 1012 2377 τοῦ
1020 2312 1188 2392 Ἡφαιστου
1201 2331 1291 2394 ysaac*

170 2398 284 2481 piene,
307 2400 411 2480 δῶρον
424 2405 526 2482 Halai
543 2396 747 2484 σωφροσύνης
764 2399 854 2464 ἕνεκα
870 2396 935 2464 eiad
954 2398 1121 2479 Ἡφαίστου
1141 2397 1291 2478 dabisne

51 2495 57 2504 ’
170 2476 195 2574 ᾗ
208 2478 364 2566 χρώμενος
378 2479 480 2549 πάντα
498 2482 678 2568 aenaeae
696 2485 749 2550 eol
763 2486 797 2550 iv
812 2493 880 2560 ταῖς
899 2483 1010 2568 μάχαις
1023 2483 1076 2547 ani
1091 2483 1127 2548 dv
1143 2489 1214 2558 ταῖς
1226 2476 1292 2562 θη·

170 2593 249 2651 ραις.
286 2570 433 2642 ¹Erasmus
449 2571 540 2632 buius
560 2572 658 2652 adagii
670 2570 853 2633 mentionem
866 2574 975 2632 iactam
990 2589 1029 2630 ex
1044 2569 1177 2629 Zenobio
1196 2569 1291 2630 relect

171 2655 255 2736 apud
270 2654 490 2717 anacreontem
507 2667 538 2719 ct
561 2659 642 2737 apud
655 2657 830 2723 Pindarum.
872 2675 926 2737 ego
941 2655 974 2717 in
993 2656 1082 2716 editis
1099 2654 1192 2714 hodie
1207 2656 1291 2714 hua-

62 2750 86 2804 Ρ
102 2745 157 2805 604
173 2742 305 2802 creontis
316 2740 393 2802 nihil
407 2741 468 2804 huc
482 2744 635 2824 pectinem
652 2744 764 2824 reperi.
805 2743 953 2804 Pindarus
965 2743 999 2802 in
1017 2742 1100 2802 Nam.
1112 2739 1172 2805 od.
1188 2741 1211 2804 4
1226 2758 1292 2801 me-

170 2837 271 2889 morat
286 2847 386 2889 ensem
401 2829 479 2889 Pelei
491 2839 523 2890 et
534 2830 698 2890 calumnias
710 2831 743 2890 in
759 2848 827 2890 aum
843 2829 1031 2910 Hippolytes.
1074 2826 1138 2886 eius
1148 2825 1292 2886 scholia·-

170 2921 233 2973 stes
248 2914 285 2973 ad
303 2933 372 2974 eum
386 2914 486 2976 locum
505 2916 561 2996 legi
578 2915 667 2996 digna
679 2916 797 2982 scribit.
839 2915 976 2974 Catullus
989 2913 1046 2974 sub
1062 2913 1153 2972 finem
1167 2911 1292 2993 epitha-

170 2998 253 3059 lamii
267 2999 345 3060 Pelei
360 3009 391 3061 et
406 2999 551 3062 Thetidos
562 3002 702 3062 domibus
715 3001 804 3062 castis
819 3000 897 3061 Pelei
910 3001 1034 3060 domum
1046 3007 1196 3074 accenset,
1217 2997 1292 3057 dum

171 3084 216 3144 ait
241 3081 347 3146 domos
374 3089 503 3148 inviam
527 3099 632 3150 castas
656 3087 844 3168 coelicolae,
871 3083 1008 3148 nondam
1034 3095 1138 3166 apratn
1159 3087 1291 3164 pietate,

171 3169 322 3235 solebant.
365 3169 442 3232 haec
454 3173 598 3234 Claudius
614 3171 784 3235 blsltretua.

181 3285 182 3290 ¹
255 3257 541 3342 κονιογὲφσρσ
565 3278 597 3341 p·
615 3264 678 3325 330
701 3280 733 3322 v.
746 3264 798 3325 20.
843 3255 868 3338 η
883 3251 1125 3330 Ἰονστινιάνεισς
1150 3254 1291 3338 nonari-

169 3361 265 3423 φνρα.
308 3341 351 3401 sic
369 3343 412 3402 ibi
430 3345 563 3424 optimus
576 3344 673 3405 codex
687 3343 887 3423 Barberinua,
907 3352 1010 3402 tamen
1023 3341 1137 3402 habena
1151 3351 1290 3402 norsum

169 3426 204 3486 in
224 3427 357 3507 margine
374 3428 462 3490 aliam
491 3428 582 3491 huius
602 3431 702 3491 ultimi
724 3430 865 3492 vocabuli
887 3428 1044 3490 lectionem
1062 3425 1289 3510 πονιαγέφνρα,

169 3511 311 3574 vitiosam
326 3523 357 3574 et
366 3515 471 3596 ipsam,
491 3516 545 3578 sed
558 3525 682 3578 catenus
695 3516 736 3576 ad
748 3526 867 3578 rectum
883 3515 1073 3576 accedentem
1086 3521 1238 3592 quatenns
1252 3531 1291 3572 aa

170 3598 266 3658 altera
287 3601 453 3662 muntium
474 3596 656 3682 syllabicam
675 3602 806 3663 duarum
827 3601 972 3663 mendum
993 3599 1126 3662 sustulit.
1168 3599 1290 3678 scripsit

170 3684 252 3742 enim
271 3684 335 3744 sina
348 3685 441 3748 dubio
453 3687 649 3769 Pachymarea
662 3685 884 3772 σοντογέφνρα.
927 3685 1011 3765 quod
1025 3694 1061 3746 ut
1074 3683 1290 3756 demonstrem,

169 3771 303 3850 primum
316 3791 398 3850 pono
411 3772 495 3832 haud
509 3793 659 3853 quaquam
669 3774 844 3854 imposuisse
856 3771 1056 3834 lastinianum
1070 3771 1193 3850 Sangari
1207 3770 1290 3829 amni

170 3856 389 3937 quintuplicem
410 3867 554 3938 pontem,
575 3860 717 3920 nimirum
740 3860 873 3939 quinque
897 3857 994 3920 veluti
1016 3855 1291 3936 contignationibus

170 3940 341 4018 sublatum,
363 3945 530 4007 cuiusmodi
547 3945 715 4030 epsyipnpn
731 3967 814 4027 pona
832 3945 943 4025 triplex
958 3941 1153 4020 antiquissimi
1171 3951 1204 4002 et
1219 3941 1290 4002 mini

169 4027 269 4106 operis
284 4027 434 4108 hodieque
450 4039 600 4112 superstes
613 4032 722 4092 visitur
735 4051 827 4112 snpra
841 4030 1014 4091 Gardonem
1024 4029 1153 4090 fluvium
1167 4028 1201 4087 in
1214 4027 1291 4087 Gal·

169 4109 210 4169 lia
227 4113 431 4192 Narbonensi,
462 4118 568 4197 paucio
591 4116 630 4177 ab
649 4118 725 4178 urbe
741 4119 845 4178 ‘Ucetia
860 4115 1036 4178 miliaribus.
1079 4133 1143 4174 non
1164 4113 1244 4173 euim
1264 4111 1291 4172 ai

168 4192 359 4261 hocseoioet
373 4201 616 4282 diligentissimua
629 4203 795 4264 recensitae
809 4204 944 4264 omnium
959 4201 1022 4262 eius
1036 4199 1227 4280 imperatoria
1238 4215 1292 4258 aa·

170 4280 356 4364 dilictorum,
371 4288 410 4350 in
428 4289 552 4372 proprio
567 4288 606 4352 da
627 4287 687 4354 hoc
706 4299 881 4372 argumento
894 4307 1004 4374 opera,
1026 4279 1293 4370 praetermissurus

21 4659 25 4680 ·
124 4609 282 4770 m
