2774 4784
190 279 268 356 814
488 275 725 348 OBSERVAT.
750 271 991 347 remum

188 451 400 512 'l'uroomenno
420 444 574 528 praelecto
591 442 729 526 Aegypti.
771 443 876 504 eodem
892 461 974 502 snno
999 436 1212 502 uuskaksns
1234 439 1316 501 Kssu

189 551 347 616 supremus
368 531 534 613 imperator
547 530 766 609 llogulensium
780 531 894 611 proelio
910 528 1084 590 sdvereum
1105 545 1217 605 regern
1233 527 1315 586 stus-

189 639 258 700 rum
271 618 464 678 rebellantem
479 617 637 677 commisso
651 615 756 694 sagius
769 613 849 676 ictus
864 613 1023 674 occubuit.
1071 611 1117 672 de
1134 611 1234 672 huius
1246 631 1314 672 suo-

188 705 324 764 csssione
339 703 418 762 inter
429 703 504 762 dnos
522 701 586 761 eius
602 701 709 762 iratres
727 719 782 782 por
801 721 896 760 snnos
921 698 993 759 inde
1012 699 1201 757 octodecim
1220 707 1314 757 certe-

138 841 140 852 .
187 798 255 850 tuus
269 798 322 864 est,
344 788 555 848 succumbente
568 785 696 866 denique
708 795 738 846 et
751 785 856 847 cedere
866 792 971 846 coscto
985 783 1157 862 Arigbugs
1170 793 1246 844 natu
1259 786 1314 844 mi-

187 893 287 948 nore,
312 883 342 932 et
354 873 466 933 Knblsi
478 882 596 956 prester
610 871 714 931 aetatis
726 873 964 952 praerogativum
976 868 1228 950 praestantibus
1243 890 1314 948 quo.

188 977 249 1040 que
269 959 479 1019 commendato
502 957 638 1034 dotibus,
665 959 755 1017 erutis
774 957 861 1016 etism
883 955 1096 1037 praevalente.
1148 973 1215 1033 quo
1233 956 1313 1015 cirili

187 1053 250 1104 tem
266 1044 348 1122 longi
364 1043 506 1124 temporis
521 1042 648 1104 discidio
661 1051 744 1102 tento
758 1041 900 1102 videlicet
914 1041 1029 1101 certius
1046 1039 1260 1101 confirmatus
1272 1049 1314 1102 est

188 1129 309 1190 liulscu
338 1129 372 1190 iu
398 1129 536 1190 absoluto
563 1137 716 1188 tractuum
744 1127 967 1202 occiduorum,
1007 1125 1132 1206 quibus
1166 1137 1310 1208 prseerst,

188 1233 331 1359 imperio-⁰
371 1297 451 1377 Ergo
463 1296 489 1358 is
503 1305 539 1358 ut
551 1296 686 1358 smisssm
700 1295 784 1357 clsde
799 1295 947 1373 Cetbugae
959 1295 1088 1374 Syrium
1105 1305 1311 1376 recuperaret,

189 1403 269 1444 snno
283 1383 487 1462 liegiree659,
502 1383 554 1462 qui
569 1384 667 1464 coepit
680 1402 696 1441 s
710 1382 758 1442 die
772 1381 973 1448 filleccmbris
984 1382 1063 1439 suni
1080 1379 1208 1440 Christi
1223 1387 1310 1457 1260,

188 1480 221 1530 et
234 1477 448 1548 consequenter
467 1467 597 1528 excessit
617 1469 650 1526 in
669 1477 782 1547 portem
802 1468 961 1526 maximam
975 1467 1053 1525 euni
1074 1466 1204 1527 Christi
1222 1472 1311 1544 1261,

187 1555 338 1633 ingentem
363 1571 486 1613 suorum
508 1545 680 1612 =exercitum
701 1572 738 1612 eo
762 1552 844 1611 misit
866 1552 943 1611 duce
969 1551 1115 1630 quodem
1145 1553 1311 1632 Gugnlcio,

187 1640 240 1720 qui
254 1647 362 1699 cuncts
376 1639 474 1720 primo
495 1637 629 1699 adventu
645 1637 735 1698 facile
751 1635 870 1716 subegit
890 1635 1044 1696 Hslebum
1060 1657 1190 1718 usque,
1213 1639 1312 1720 plusi-

185 1724 244 1784 mis
265 1726 374 1804 psssim
396 1722 605 1784 obsistentium
628 1721 744 1786 occisis.
787 1723 840 1782 sed
862 1741 931 1782 cusu
947 1742 1173 1803 praepropere
1189 1726 1229 1783 sd
1243 1744 1311 1784 suus

184 1810 375 1887 revertisset,
395 1807 638 1889 supervenientes
651 1807 864 1890 Aegyptiorum
877 1825 1002 1886 magnae
1016 1809 1139 1889 copiae
1152 1810 1312 1888 btugulen·

184 1893 266 1955 sibus
287 1894 388 1955 denuo
410 1894 529 1974 Syriam
549 1894 735 1974 eripuerunt.
782 1895 906 1954 interest
925 1901 1033 1953 nostre
1061 1891 1125 1954 hic
1149 1895 1312 1957 observare

183 1979 270 2040 cuius
285 1977 428 2060 suspiciis
442 1978 515 2039 issec
528 1986 589 2038 tsm
598 1980 672 2039 felix
684 1979 899 2059 Aegyptiorum
911 1977 1073 2058 expeditio
1087 1980 1138 2040 sit
1153 1993 1311 2064 suscepte:

183 2065 222 2126 de
238 2063 298 2125 boc
316 2066 394 2124 enim
418 2083 480 2124 uon
498 2065 704 2146 perfunctorie
726 2065 788 2143 sgit
810 2073 913 2124 noster
930 2061 1150 2143 Pscbymeres
1167 2066 1192 2128 1.
1208 2071 1232 2133 8
1249 2072 1310 2132 cs

182 2149 248 2214 det
262 2152 282 2218 6
296 2153 370 2210 tomi
396 2148 523 2229 prioris,
550 2169 599 2210 res
620 2169 770 2229 exequens
791 2168 808 2209 s
827 2147 973 2209 Michebls
997 2149 1202 2230 Pslseologo
1215 2162 1310 2232 gestus

181 2234 285 2295 statim
307 2235 465 2296 ssolemni
485 2255 537 2295 sus
557 2237 769 2312 coronatione,
798 2255 887 2315 quam
910 2234 1031 2316 sucepit
1049 2236 1239 2298 ministerio
1259 2259 1310 2320 ps·

182 2318 335 2380 trisrcbss
362 2320 494 2396 Arsenii,
534 2331 627 2400 prout
648 2331 795 2414 penstur
811 2320 922 2380 ibidem
944 2340 970 2380 c
993 2325 1027 2386 2.
1052 2319 1311 2394 dernoustrsmm

182 2415 299 2476 sutem,
320 2407 344 2467 l.
359 2409 379 2468 8
392 2406 643 2466 Observationum
658 2415 829 2466 nostrerum
846 2405 884 2465 sd
898 2425 966 2465 eum
979 2405 1107 2466 tomum
1124 2427 1156 2468 c.
1175 2406 1199 2471 4
1218 2419 1251 2468 et
1262 2413 1308 2484 10,

182 2505 248 2549 essu
272 2491 495 2550 coronationem
517 2491 694 2552 celebratum
712 2491 805 2551 fuisse
825 2511 906 2550 snno
922 2488 1037 2550 Christi
1055 2495 1164 2568 1261,
1189 2493 1254 2554 hoc
1267 2503 1310 2554 est

181 2573 320 2655 illoipso
343 2574 456 2654 inquo
482 2594 565 2635 nuno
585 2571 1000 2656 verseturdbulplssregius,
1038 2595 1117 2636 eum
1142 2599 1310 2640 numerans

181 2657 311 2738 Hegirse
327 2661 402 2726 659.
444 2659 550 2720 scribit
562 2661 652 2739 igitur
665 2662 734 2722 loco
749 2661 839 2721 ruodo
854 2659 988 2722 indicsto
1002 2659 1226 2741 Pachymeres
1239 2665 1311 2726 soli·

182 2744 278 2804 citum
302 2743 474 2806 Michsblem
493 2745 532 2805 de
545 2747 604 2807 sibi
622 2747 801 2806 stabiliendo
818 2765 923 2807 recens
940 2753 1031 2827 perto
1045 2745 1212 2827 imperio,
1235 2769 1309 2831 quos

182 2830 314 2891 maxims
330 2841 467 2912 potentes
483 2831 562 2892 circe
583 2853 614 2892 se
636 2832 789 2913 principes
808 2831 947 2909 videbat,
970 2830 1029 2891 sibi
1049 2835 1231 2896 concilies-e
1243 2847 1309 2896 stu·

183 2914 294 2976 duisss.
337 2937 373 2976 sc
396 2917 482 2977 lecile
506 2917 658 2978 videntem
680 2919 812 2979 eminere
832 2927 907 2977 tunc
926 2916 1036 2998 opibus
1051 2915 1145 2980 iuter
1155 2921 1306 2982 finitimos

183 2999 328 3080 dynsstss
341 3000 456 3062 Cbalsi's
470 3003 638 3084 principuus
650 3003 872 3074 Tocharorum,
894 3001 952 3062 hoc
969 3012 1013 3061 est
1032 3003 1196 3086 Heleon,
1220 3009 1307 3067 cuius

183 3085 289 3144 crebro
306 3087 442 3147 meminit
456 3088 711 3168 Abulphsrugius,
734 3097 764 3148 et
783 3087 936 3147 Sullanern
953 3085 1172 3169 Aethiopum,
1193 3095 1308 3152 utrius-

181 3189 241 3249 que
261 3173 386 3249 grstism
404 3172 516 3232 ambire
538 3173 645 3234 officiis
660 3173 919 3254 legationibusque
937 3173 1109 3236 sffcctssse.
1162 3197 1201 3239 es
1217 3199 1308 3238 occs-

181 3255 266 3316 sione
287 3256 324 3315 de
344 3257 470 3316 Sullane
492 3257 670 3339 Aethiopum
695 3269 860 3329 memorat,
888 3258 979 3318 luisse
997 3257 1091 3319 illum
1110 3263 1239 3340 genere
1251 3265 1309 3323 Co-

180 3360 320 3417 msnnm,
342 3361 417 3421 quse
429 3343 510 3420 regio
523 3353 566 3402 est
581 3364 678 3424 prope
695 3345 824 3404 Pontum
841 3343 1011 3417 Euxinum
1034 3341 1116 3405 hinc
1131 3348 1213 3408 olim
1228 3367 1317 3410 treu-¹

180 3425 279 3486 ditum
293 3429 324 3485 in
341 3428 516 3487 servitutem
534 3429 679 3508 Aegyptio
692 3429 825 3504 domino,
847 3449 899 3490 eus
911 3429 977 3500 ¹illic
991 3428 1156 3491 industris
1173 3435 1306 3494 serviles

180 3521 300 3572 ostense
317 3513 349 3572 in
365 3513 479 3592 regium
492 3513 627 3572 disdesna
642 3525 847 3575 commutasse.
890 3515 1017 3574 eundem
1031 3516 1124 3576 eddit
1145 3519 1306 3600 inprimis

178 3597 358 3676 prudentem
379 3598 533 3674 habiturn,
563 3607 594 3658 st
609 3599 691 3678 quod
712 3602 745 3660 in
771 3591 908 3680 Aegypto
930 3608 1018 3658 natos
1043 3619 1164 3679 parum
1185 3603 1305 3664 habiles

178 3681 295 3742 bellicio
317 3681 470 3746 laboribus
492 3685 624 3762 videret,
653 3684 758 3746 emisse
775 3705 884 3766 pueros
903 3704 1010 3762 magno
1030 3705 1172 3750 numero
1194 3711 1213 3750 e
1229 3693 1306 3770 Scy·

177 3764 241 3824 thie
265 3776 296 3826 et
315 3767 381 3829 aliis
400 3770 570 3848 regionibus
595 3780 678 3830 trans
701 3771 847 3842 Pontum,
877 3770 984 3850 quibus
1001 3773 1087 3848 apud
1109 3793 1146 3834 se
1171 3779 1305 3836 nutritis

176 3850 307 3912 fortibus
324 3853 433 3914 deinde
452 3855 597 3917 militibus
623 3855 783 3934 utebetur,
806 3855 997 3937 permittente
1012 3857 1044 3914 id
1060 3863 1303 3938 commercium,

158 3943 283 4015 'magno
303 3937 349 3998 rei
370 3937 554 4001 Christianae
575 3940 773 4018 detrimento,
810 3942 991 4020 imperatore
1015 3941 1197 4007 Miclsaiile:
1225 3947 1304 4008 hinc

176 4020 257 4082 enim
273 4033 393 4083 suctum
410 4027 519 4105 opibus
535 4026 663 4108 Aegypti
676 4029 829 4088 Sullanum
840 4028 960 4085 Latinos
977 4026 1192 4093 Palaestinam
1211 4053 1304 4093 occu-

176 4114 283 4184 pantes
301 4109 385 4168 illinc
409 4112 572 4190 expulisse.
613 4112 689 4173 haec
709 4113 922 4192 Perbymeres3
951 4131 1030 4190 quse
1056 4116 1202 4179 multum
1222 4120 1302 4180 illu·

175 4197 311 4252 strsntur
323 4197 546 4275 comparatione
563 4213 631 4258 cuns
646 4199 685 4257 iis
701 4219 775 4278 quse
791 4195 1034 4277 Abnlpheregiua
1046 4196 1112 4260 boc
1130 4203 1207 4266 loco
1220 4207 1304 4266 scri-

176 4273 233 4338 bit.
276 4277 321 4336 sit
335 4281 435 4358 enim,
457 4291 619 4363 postquem
634 4283 771 4344 Kutuuus
791 4285 1023 4352 Turcomennus
1037 4283 1183 4371 Aegypti
1198 4291 1306 4354 domi.
