2798 4786
205 345 277 419 174
520 347 697 415 GEORGll
721 345 988 444 Picumnus

206 517 361 611 διῴκησα,
387 514 509 604 μύρτυς
524 519 619 596 αὐτὸς
633 515 726 600 θεός,
755 527 893 608 aprinos
908 515 965 585 οῦν
981 511 1158 606 ίφρύνουν.’
1196 519 1258 584 ἐπεὶ
1276 518 1311 584 dd

97 634 120 688 Ρ
139 638 189 694 116
207 623 346 708 Χριστὸς
367 628 424 706 τῆς
447 623 609 707 ἐκκλησίας
629 623 727 690 αύτοῦ
751 627 802 689 καί
823 630 881 708 τῆς
902 623 1063 704 βασιλείας
1083 621 1118 688 σί
1142 621 1310 704 κατέστησε

206 723 411 816 φροντιστήν,
440 723 558 792 ἰθύνειν
579 727 658 814 πρὸς
679 727 715 794 τὸ
738 727 868 811 ἀρέσκον
888 725 990 815 σῦτρῦ,
1017 721 1146 790 ίνεύπιον
1160 724 1237 810 λέγω
1251 731 1309 792 τοῦ

203 833 311 916 κυρίου
329 855 391 911 μου
411 828 512 912 ,Ἰησοῦ
531 835 690 917 Χριστοῦ,
718 833 744 896 εί
759 832 809 896 καί
825 825 1010 913 ἁμαρτωλός
1023 831 1101 910 είμι,
1130 826 1210 893 ἀλλὰ
1226 852 1309 913 πρα-

203 939 312 1026 κτικῶς
336 932 394 999 οῦκ
417 933 586 1016 ίπίυταμοιί
601 957 631 999 τι
653 933 797 1018 ἀπεῖργον
812 933 891 999 κατὰ
905 928 1036 1007 κανόνας
1054 927 1229 1017 ἱερωσύνης.
1284 934 1335 998 ele

154 1097 159 1102 .
204 1039 242 1104 ὀί
258 1061 337 1111 τινες
356 1036 568 1122 ἐξηγέρθησαν
579 1037 651 1103 κατ’
669 1038 744 1119 ίμοῦ
760 1038 853 1118 λίγειν
868 1035 928 1102 ὅσα
944 1037 985 1112 είς
1001 1034 1203 1122 ἀνθρωπίνην
1216 1031 1310 1119 ύβριν

205 1137 321 1228 φθάνει
337 1142 388 1204 καί
400 1137 619 1226 παραλύπησιν
626 1191 637 1219 ,
665 1143 716 1204 καί
730 1142 805 1205 είσίν
819 1139 848 1206 oi
862 1135 1054 1215 πιστεύοντες
1067 1145 1186 1218 ταῦτα,
1207 1138 1309 1202 θίτω·

207 1269 268 1310 σαν
285 1246 327 1318 είς
341 1245 522 1328 καθαίρεσιν
536 1241 595 1310 ὅσα
610 1245 642 1310 ίκ
656 1241 838 1309 τούτωνκαὶ
853 1240 1032 1325 βούλονται,
1043 1243 1096 1306 καί
1112 1244 1138 1307 εί
1153 1240 1306 1324 ddum-ici,-

166 1359 189 1412 B
208 1349 240 1412 ἓν
253 1353 293 1433 τῇ
308 1344 408 1436 ἦμίρρι
422 1348 519 1435 ἐκείνη
532 1343 793 1430 ύικαιωθήσομαι.
845 1346 902 1430 τὴν
914 1343 973 1432 γὰρ
991 1345 1175 1431 παραίτησιν
1191 1345 1309 1429 λογίζο-

204 1475 262 1533 μαι
284 1446 504 1528 denudarem,
530 1453 581 1514 καί
597 1448 677 1534 αῦτη
693 1473 754 1532 μου
763 1447 790 1533 ἦ
807 1446 967 1535 διάκρισις.
1021 1450 1083 1514 tusi
1099 1451 1133 1514 δὲ
1147 1448 1225 1534 πρὸς
1238 1446 1311 1540 ’τρίεΙ
1319 1459 1354 1514 10

205 1578 306 1634 μοντα
326 1552 366 1617 τὰ
389 1549 583 1635 δικαιώματα
607 1559 685 1618 θεοῦ
708 1553 838 1633 βασιλία
854 1559 958 1634 λαλῶ,
985 1549 1169 1630 είνελεύεις,
1195 1549 1232 1616 τὸ
1250 1549 1309 1616 θί-

206 1650 291 1741 λημύ
312 1680 374 1737 μου
395 1655 453 1735 ίῶ,
482 1658 533 1721 καί
553 1655 724 1738 ἀνατίθημι
743 1662 787 1744 τῷ
808 1663 874 1746 θεῷ
889 1659 939 1720 καί
954 1663 993 1742 τῇ
1008 1656 1039 1733 ἐξ
1055 1654 1152 1722 αῦτοῦ
1166 1654 1310 1745 βασιλεία

206 1783 264 1826 σου
286 1757 326 1823 τὰ
347 1754 424 1840 ίμύ,
450 1760 503 1823 ἵνα
524 1756 598 1845 ὅπερ
622 1757 701 1846 αύτῇ
725 1755 899 1840 θεύρεστσν
919 1755 1001 1836 δόξει
1023 1759 1075 1824 καί
1089 1765 1128 1846 τῇ
1142 1764 1230 1844 ψυχῇ
1246 1782 1309 1840 μου

206 1858 377 1946 σωτήριον,
409 1859 593 1950 εῦργετήσης
623 1864 675 1927 καί
705 1857 940 1949 συμβουλεύσῃς
959 1863 1010 1926 καί
1031 1855 1220 1948 συνεργήσγγς
1240 1883 1306 1941 μοι,

206 1966 256 2030 καί
279 1962 361 2030 σῦταν
384 1966 469 2051 παρὰ
491 1972 568 2031 θεοῦ
585 1971 727 2051 χαρισθῇ
744 1973 800 2049 τῆς
821 1963 991 2049 εὐεργεσίας
1007 1964 1046 2030 τύ
1062 1964 1115 2031 ίσυι
1128 1970 1168 2051 τῇ
1182 1962 1215 2029 ἐκ
1229 1967 1309 2028 θεοῦ
1319 1973 1352 2029 1⁵

166 2068 348 2160 ὓβασιλείηι
367 2068 465 2134 σου.”
515 2067 594 2133 ἀλλὰ
608 2075 702 2135 τοῦτο
717 2069 784 2152 μίν,
805 2067 885 2134 κατὰ
899 2062 1037 2148 adelada,
1067 2066 1123 2151 ούχ
1137 2066 1309 2152 ῦπίγραψε,

204 2171 240 2238 τὸ
255 2172 291 2237 ‹lt
303 2195 335 2254 γε
349 2167 498 2257 πρότερον
516 2174 715 2258 σίκειοχείρως
727 2168 962 2256 ύτιεσημήνατο·
990 2168 1048 2254 εἶχε
1060 2169 1119 2257 γὰρ
1145 2166 1310 2236 ηἈθανά-

204 2297 272 2352 σιος
291 2273 365 2364 ἓλίῳ
386 2281 465 2340 θεοῦ
490 2273 724 2361 ύρχιεπίαιιοπσς
739 2273 1095 2351 Κωνστιιντινουπύλεως
1109 2275 1180 2350 νίας
1190 2267 1311 2356 Ῥώμης

121 2365 124 2372 ’
205 2380 256 2444 καί
271 2376 479 2459 οίκουμινικός
492 2375 726 2465 nusquamst*
775 2373 814 2462 ἦν
829 2382 848 2445 d
853 2377 923 2443 ''i'u
940 2372 1108 2464 φερόμενον
1123 2379 1174 2444 καί
1189 2376 1266 2442 cillo
1279 2400 1311 2441 τι

205 2481 238 2547 ίν
255 2487 381 2570 κρυπτῷ
396 2477 570 2566 γράμματι,
596 2479 672 2567 ὅπερ
688 2481 743 2546 οῦκ
758 2479 828 2546 eido
843 2484 870 2547 si
884 2482 1058 2566 προσετέθη
1074 2479 1203 2566 ὕστερον
1223 2476 1355 2565 neptim

204 2590 267 2650 τῶν
293 2585 394 2674 ίιιείνιρ
416 2585 656 2669 προσκειμένων,
685 2581 727 2662 ὥς
750 2583 841 2652 “ads
859 2583 932 2651 είτι
953 2580 1073 2667 ποιήσω
1089 2584 1176 2671 παρὰ
1194 2589 1308 2663 ταῦτα,

273 2747 299 2800 4.
316 2741 483 2816 πεπραγύςί

205 2883 299 2937 tionem
316 2901 397 2938 meam
415 2884 447 2937 ad
465 2884 532 2955 qnod
551 2885 643 2955 cuique
666 2886 781 2956 placeret
796 2887 907 2941 obnoxie
922 2885 1136 2940 accommodatam
1152 2901 1203 2938 non
1220 2884 1312 2950 saissa,

204 2953 280 3007 testis
297 2954 364 3007 idem
382 2953 418 3006 sit
434 2955 513 3020 deus,
531 2955 622 3008 melius
638 2973 688 3010 uon
704 2957 854 3011 sentiebam.
889 2955 1091 3027 quandoquidem
1111 2971 1172 3008 vero
1190 2954 1313 3008 Christus

201 3023 329 3076 'ecelesiae
346 3040 409 3077 auae
427 3028 456 3076 et
471 3023 571 3095 imperii
587 3031 615 3077 te
632 3026 766 3078 constituit
783 3033 944 3087 curatorem,
966 3033 996 3078 ut
1012 3035 1122 3093 utraque
1140 3023 1171 3076 ad
1190 3024 1246 3076 eius
1263 3026 1312 3077 be-

204 3093 357 3160 neplacitum
380 3093 496 3162 dirigas,
521 3094 547 3146 ia
571 3103 710 3164 conspectu
734 3096 825 3165 loquor
848 3097 944 3148 domini
967 3095 1017 3147 mei
1041 3095 1100 3146 Iesu
1124 3093 1236 3156 Christi,
1261 3092 1313 3146 etsi

203 3171 326 3232 peccator
342 3177 413 3226 sum,
436 3167 521 3215 tamen
538 3165 633 3216 iacturn
651 3180 667 3217 a
684 3181 724 3216 me
741 3165 879 3233 quidquam
896 3181 947 3217 aon
964 3163 1064 3217 memini
1081 3181 1098 3217 a
1114 3162 1251 3215 sacerdotii
1268 3178 1313 3215 re-

203 3231 270 3299 gulis
295 3231 444 3284 abhorrens.
480 3232 503 3285 si
525 3249 587 3285 vero
610 3233 690 3302 aliqui
714 3235 906 3286 insurrexerunt
923 3239 1014 3286 contra
1030 3250 1086 3297 me,
1110 3234 1225 3284 dicentes
1242 3247 1313 3300 quae

202 3301 236 3353 ad
254 3299 442 3352 deformandam
460 3301 619 3354 coutumeliis
637 3303 775 3372 doloreque
793 3303 953 3372 pungendum
970 3302 1093 3355 hominem
1111 3300 1257 3372 pertinent,
1283 3305 1314 3353 et

202 3373 263 3421 aunt
279 3367 324 3438 qui
341 3371 450 3422 credunt
465 3371 533 3436 ista,
557 3371 683 3491 imputent
699 3371 761 3424 licet
777 3371 802 3423 in
822 3373 927 3424 idoneas
945 3387 1015 3424 meac
1032 3370 1200 3439 depositionis
1218 3383 1313 3423 causas

202 3455 234 3492 ea
252 3455 284 3490 ex
302 3437 340 3491 hia
358 3455 425 3508 quae
442 3441 538 3494 volunt.
574 3458 588 3494 s
614 3455 704 3509 passus
721 3439 841 3494 iniuriam
858 3443 949 3502 luero,
973 3439 1001 3491 in
1018 3440 1062 3492 die
1078 3441 1122 3492 illa
1138 3438 1311 3491 iustifieahor.

201 3507 390 3560 abdicationem
405 3509 472 3562 enim
489 3519 582 3578 reputo
599 3509 763 3580 illegitimam.
800 3516 827 3562 et
844 3510 891 3563 hoc
908 3509 1010 3580 quidem
1024 3525 1103 3562 meum
1121 3507 1242 3561 indicium
1260 3517 1313 3561 cst.

202 3575 321 3647 quoniam
338 3593 400 3630 vero
419 3595 475 3632 cum
493 3587 620 3632 tremente
636 3579 833 3632 iustificationes
851 3579 893 3632 dei
910 3581 1066 3649 imperatore
1078 3579 1177 3648 loquor,
1195 3577 1217 3628 si
1229 3577 1313 3642 iubes,

200 3645 329 3699 voluntati
354 3663 427 3700 meae
449 3648 582 3715 renuntio,
608 3652 637 3702 et
659 3649 708 3701 deo
734 3651 854 3717 permitto
878 3654 990 3718 tuaeque
1008 3665 1039 3700 ex
1058 3649 1105 3700 deo
1129 3645 1313 3699 auctoritatem

201 3715 307 3768 habenti
325 3717 455 3770 maiestati
472 3734 516 3770 res
533 3733 613 3786 meas,
631 3722 662 3771 nt
679 3719 748 3788 quod
765 3719 815 3787 ipsi
833 3719 882 3772 deo
899 3719 1020 3787 placitum
1038 3718 1160 3769 videatur
1171 3721 1199 3768 et
1211 3716 1314 3768 υαίυιεο

200 3801 273 3838 meae
289 3785 419 3851 ulutate,
445 3789 564 3840 conferre
580 3788 714 3840 consulere
731 3787 867 3857 cooperari
884 3787 944 3840 mihi
961 3787 1090 3855 digneris,
1107 3794 1137 3837 nt
1154 3785 1238 3838 nuhaa
1255 3797 1314 3837 mea

201 3853 304 3907 divinas
327 3855 513 3909 beneticentiae
537 3855 585 3909 liat
626 3857 738 3926 anticeps
760 3857 877 3908 similiter
903 3873 959 3910 cum
983 3874 1015 3910 ex
1034 3854 1161 3908 deodata
1178 3855 1314 3908 maioma

202 3921 274 3976 tua.''
310 3928 339 3976 at
356 3925 417 3978 huic
434 3926 536 3996 quidem
553 3926 589 3978 lib
615 3926 776 3990 lo‚‘utiieri
794 3928 960 3994 puduerat,
978 3939 1026 3978 non
1045 3923 1208 3994 subscripsit.
1231 3921 1314 3992 priori

202 4001 302 4045 tantum
326 3993 432 4064 propria
458 4011 534 4047 mann
560 4011 633 4047 snum
649 4011 740 4047 nomen
757 4003 928 4115 apposuerat:
953 3995 991 4047 sic
1008 3994 1076 4048 enim
1092 3993 1126 4044 ad
1143 3994 1198 4045 eius
1216 3993 1314 4046 calcem

201 4061 338 4130 legebatur
369 4063 551 4116 “Athanasius
582 4064 746 4116 miseratione
789 4064 814 4116 oi
838 4065 1046 4135 archiepiscopus
1074 4060 1314 4130 Constantinopolis

203 4130 297 4183 Novae
322 4127 435 4195 Romae,
463 4129 641 4184 oecumenicus
666 4132 844 4200 patriarcha.”
876 4135 1009 4187 ferebatur
1035 4139 1062 4186 et
1087 4131 1157 4185 aliud
1174 4137 1314 4201 praeterea

203 4199 468 4337 ulllsrnutu
486 4201 940 4326 abalienarunt:
966 4201 1314 4342 ‘¹.2t.t⁸tl.⁵.⁰¹=tn-⁰.¹;u

201 4341 383 4407 praeterquam
400 4339 443 4392 hic
458 4339 553 4410 scripsi
570 4357 611 4394 me
628 4342 755 4394 factarum
772 4355 865 4410 egero,
882 4312 981 4396 irrithrn
994 4342 1093 4406 habeo,
1110 4340 1208 4411 quippe
1221 4345 1316 4392 conus
