2842 4882
206 251 233 352 Ἀ
279 301 335 370 uu
360 301 919 377 munomcornnnnonooo
944 310 979 376 n.
1001 312 1044 382 v.
1136 311 1213 381 ειν

109 471 156 538 ἔτι
171 467 360 557 κατώρθουν
379 472 454 541 οὐδ’
472 472 552 552 όλως
570 474 732 562 ἔπραττον.
785 476 861 544 ἀλλ’
878 477 1071 564 ἀναληπτέον
1084 481 1140 548 τδν
1157 481 1212 549 λό-

107 599 163 658 γον
179 574 257 660 πρός
271 574 308 641 τὸ
323 573 521 646 εάσόνοπτον.

211 679 393 765 Στρατηγδς
411 673 449 766 ἦν
469 677 732 767 τῇδεΜαροόλης
739 731 750 762 ,
776 684 827 746 καί
841 681 939 769 μέγας
953 683 1057 770 ἀρχων
1073 685 1212 765 ίξάξιιό-
1284 685 1286 692 ’

107 805 208 863 ματος
222 781 377 861 έκλείζετο.
429 775 521 856 οὗτος
534 783 574 848 τό
588 784 644 865 μέν
658 790 786 856 πλεῖστα
800 785 902 873 ίκείνιρ
918 797 1057 870 προσεῖχε
1070 791 1123 854 καὶ
1138 790 1212 880 έδε-

82 880 239 970 ὀρόπευεν
254 880 451 968 ἀποκείμενος
471 883 569 969 (οὕτω
586 885 645 972 γὰρ
659 888 711 951 καί
722 886 757 954 τό
771 889 933 968 βασιλικόν
947 887 1090 972 ἐβούλετο
1110 889 1211 980 πρόο-

106 989 255 1073 ταγμα),
286 988 363 1065 τέως
379 987 412 1053 δ’
435 981 494 1056 οάα
503 991 554 1055 καί
566 990 641 1065 τοδς
656 991 786 1066 οίκείους
799 997 902 1070 κακῶς
914 991 993 1077 παρ’
1009 994 1130 1061 έκείνων
1147 993 1209 1060 πά-

105 1111 239 1172 σχοντας
256 1093 466 1180 κατρκτίζετο,
492 1097 612 1172 μᾶλλον
624 1092 681 1175 μίν
698 1085 753 1158 οάν
767 1096 818 1158 καὶ
832 1095 962 1160 συνίστα
976 1098 1027 1160 καί
1038 1097 1210 1182 verentoni-

105 1219 174 1259 πεν.
225 1184 378 1280 ἦκτο-γὰρ
393 1194 539 1272 κάκείνων
554 1194 590 1262 τό
601 1193 707 1268 κοινόν
720 1195 813 1261 έκεῖνο
829 1193 947 1278 δεινόν,
975 1201 1027 1264 καί
1047 1202 1090 1274 είς
1108 1225 1208 1287 orpo-
1223 1212 1247 1268 P
1264 1217 1316 1272 289

99 1291 221 1375 Ιταότας
241 1297 444 1381 τεταγμένως
465 1297 510 1364 ’έτι
532 1299 583 1364 καί
603 1307 671 1374 ταῖς
682 1296 845 1383 ἀληθείαις
858 1301 1139 1386 ἐμπειροπολέμως
1153 1329 1209 1370 πε-

62 1397 178 1478 1οζοδς
200 1400 250 1464 καί
272 1396 427 1476 ἀνόπλους
449 1404 609 1472 καθίστων
625 1403 676 1466 καί
698 1407 761 1467 τῶν
777 1400 850 1468 κατ’
866 1399 950 1468 οίκον
965 1404 1111 1491 έοτέρουν
1126 1403 1213 1484 ἀςιί

105 1523 194 1576 τινας
211 1498 345 1587 ἀγρότας
366 1505 417 1568 καλ
439 1499 653 1586 μετανάστας,
689 1501 933 1589 ένθρυπτόμενοι
952 1508 1067 1593 σφίσιν.
1121 1509 1151 1575 οἱ
1173 1511 1208 1576 δέ

104 1608 152 1692 τῷ
165 1611 221 1670 τοῦ
234 1611 423 1690 κρατοῦντος
436 1606 497 1672 δέει
510 1608 561 1672 καί
576 1611 621 1695 τῷ
636 1608 669 1684 l}
686 1605 844 1694 ἐμφυλίων
859 1609 1002 1690 πολέμων
1017 1612 1206 1702 νομιζομένῳ

104 1702 236 1796 κινδύνῳ
258 1703 531 1793 ἀποστελλόμενοι,
559 1705 602 1784 ὥς
611 1704 655 1793 μή
669 1734 699 1773 τε
712 1714 927 1796 νεωτερισθείη
940 1718 1003 1778 τῶν
1017 1712 1204 1798 ἀνηκέστων,

102 1809 180 1886 τέως
193 1810 226 1874 έν
236 1815 309 1891 βίας
325 1809 438 1897 ὥρμων
450 1814 503 1878 καί
517 1807 664 1888 πολλάκις
679 1809 854 1898 έοφόδαζον
868 1812 1084 1897 ἀμυνούμενοι.
1118 1819 1207 1894 τέλος

61 1929 95 1981 1⁵
103 1918 165 1980 τῶν
177 1915 302 2001 ἐχθρῶν
315 1912 403 2001 έγγδς
414 1913 625 2002 ἀγγελθέντων
638 1914 721 1980 κατὰ
732 1914 786 1982 τάν
800 1921 857 1982 τοῦ
870 1920 901 1981 Γ
898 1917 1061 2000 ουλιέλμου
1072 1915 1202 2006 πόργον,
1221 1928 1244 1981 Β

173 2112 213 2165 12,
230 2108 341 2184 κολδμφ
360 2114 389 2166 P.

100 2287 133 2337 nt
157 2286 214 2336 tota
239 2284 279 2338 rei
301 2283 375 2338 liniue
400 2280 539 2352 indignitas
561 2284 676 2356 preaaiue
690 2285 741 2338 'nub
759 2301 835 2338 uuum
858 2284 930 2354 quani
947 2284 1055 2340 lectoria
1073 2287 1204 2358 mpenturn

100 2351 395 2420 eolligetur,reeo1nam
412 2352 584 2408 narrationem
601 2355 679 2424 paulo
696 2353 823 2424 superine.

171 2421 238 2476 Erat
260 2423 296 2475 ibi
320 2423 438 2475 tribunus
460 2420 563 2492 quidam
580 2421 713 2488 militaria,
740 2421 855 2477 Marulee
873 2421 990 2487 nomine,
1015 2423 1138 2476 vocabulo
1154 2423 1206 2493 ipei

100 2507 238 2544 oonoenaae
261 2489 396 2560 dignitatis
416 2507 523 2558 megnua
546 2493 643 2546 nrohon
667 2491 719 2544 dici
743 2490 842 2545 aolitua.
877 2490 920 2544 hie
939 2498 1010 2546 totna
1027 2501 1086 2546 erat
1108 2493 1136 2546 in
1157 2494 1205 2546 ob-

94 2560 222 2612 aerveudo
244 2560 425 2630 obsequiisque
447 2560 599 2615 demerendo
624 2560 717 2614 infimia
733 2559 900 2632 λλοιιῑαετίοιλ
918 2560 956 2613 eie
979 2560 1045 2614 euim
1058 2561 1145 2631 iprum
1163 2563 1205 2614 la·

94 2645 155 2680 nere
168 2631 309 2697 ¹Augustus
331 2629 451 2682 iusserat.
484 2635 569 2682 tamen
590 2630 659 2684 idem
676 2647 736 2683 anea
753 2629 857 2682 intimon
878 2629 1015 2684 lamilinrea
1032 2630 1204 2700 propriaeque

94 2695 206 2750 oolortia
230 2697 324 2751 militen
347 2715 364 2751 o
388 2697 567 2752 Rontnerienin
590 2699 692 2752 iniuriis
716 2699 825 2751 elieotoe
853 2699 1041 2764 miaernbntur,
1069 2699 1204 2752 oonnolana

94 2767 156 2836 quin
179 2765 258 2819 etiam
283 2774 311 2819 et
334 2765 475 2830 deliniens,
500 2780 530 2819 ut
545 2768 611 2821 mala
628 2768 655 2820 in
673 2773 778 2821 οααοίοτ
796 2767 888 2836 Cynici
905 2768 1029 2836 degente·
1046 2768 1202 2836 graaaeutie,

97 2851 131 2888 ne
152 2834 215 2904 ipnin
238 2835 340 2905 quidem
363 2835 494 2904 exceptio,
518 2841 604 2890 utonm
623 2853 657 2890 oe
679 2836 815 2906 privilegio
839 2837 929 2888 aeltem
950 2836 1056 2889 militiae
1079 2836 1203 2890 immunea

98 2905 132 2958 ab
148 2904 256 2956 lineare
275 2903 438 2969 debuerant,
455 2905 556 2958 terrent
570 2855 724 2974 ραίδοαλίια,
741 2921 825 2988 neque
842 2905 875 2957 ad
891 2921 924 2957 ea
939 2905 982 2957 val
998 2905 1144 3026 repellenda
1161 2905 1204 2958 vel

97 2972 245 3026 ulmeoonde
267 2981 402 3027 uterentur
425 2974 502 3027 armia
524 2990 593 3043 quae
617 2974 720 3044 publice
741 2974 750 3025 i
768 2990 805 3026 eu
827 2972 925 3025 tradita
949 2979 1023 3042 genta
1041 2978 1102 3038 ant,
1143 2982 1202 3027 root

97 3049 157 3095 erat
171 3059 278 3111 pronum
296 3044 367 3096 iectu
384 3041 465 3106 viria,
488 3043 576 3112 qualee
595 3043 621 3096 li
636 3047 727 3105 eraut,
750 2991 859 3095 fortibus
876 3049 904 3094 et
920 3059 951 3093 re
967 3057 1031 3094 vera
1048 3058 1114 3111 expe
1137 3042 1204 3096 enti-

96 3111 148 3164 bua
168 3111 206 3164 rei
229 3111 352 3176 bellioee3
375 3127 439 3181 quoa
455 3118 541 3165 tamen
557 3129 608 3164 uon
623 3115 775 3164 vererentur
791 3109 928 3163 ineolentea
944 3110 1059 3163 advenae
1075 3117 1103 3163 et
1119 3127 1201 3181 quee-

96 3179 149 3234 etui
167 3183 195 3230 et
209 3179 319 3234 ludibrio
336 3189 388 3234 tam
406 3181 551 3249 petulanter
568 3179 680 3245 habere,
703 3188 732 3232 ut
749 3197 793 3234 εον
808 3180 924 3249 ipnornm
940 3177 985 3248 qui
1003 3179 1135 3250 equestria
1151 3181 1200 3232 eti-

94 3247 191 3319 pendie
212 3249 360 3307 merebant.
386 3249 460 3318 equia
477 3250 603 3318 ademptio
619 3250 646 3302 in
662 3247 777 3302 ordinem
795 3247 907 3318 peditum
933 3247 1099 3316 redigerent,
1122 3248 1200 3302 armia

93 3326 249 3388 praeterea,
272 3319 294 3370 ni
306 3318 484 3380 *eollibulaaan
507 3320 665 3387 apollonem,
681 3335 730 3371 neo
746 3335 763 3370 a
779 3334 809 3370 re
823 3316 937 3385 ipsorum
953 3317 1072 3370 familiari
1089 3317 1201 3400 supelle-

94 3387 201 3457 odiique
217 3387 357 3441 domentica
373 3388 536 3440 abalinerent
550 3403 658 3456 rapaces
681 3403 785 3450 manue,
813 3386 925 3455 denique
949 3386 1017 3440 omni
1033 3385 1136 3440 ludibrii
1153 3403 1201 3454 ge-

94 3473 157 3510 nere
181 3454 260 3508 nihilo
284 3457 354 3526 ipeoe
376 3455 468 3509 minori
491 3455 644 3508 contumelia
665 3463 792 3509 vexarent
808 3472 884 3524 quem
900 3455 924 3508 ai
941 3455 1006 3508 viler
1023 3454 1136 3508 meticuli
1154 3460 1199 3508 ant

93 3523 197 3594 profugi
215 3527 302 3578 exulee
318 3533 412 3579 ment.
447 3525 494 3578 hoa
510 3524 536 3577 iu
553 3533 605 3578 tam
622 3524 720 3577 difficili
739 3524 863 3592 patientia
880 3523 954 3578 duoie
971 3523 1012 3576 aui
1029 3523 1136 3577 Marulla
1152 3539 1198 3576 aa·

76 3593 169 3648 ‘aidum
186 3594 281 3647 monita
297 3595 433 3656 tenebant,
450 3592 545 3646 nullum
560 3594 636 3647 finem
653 3593 771 3647 facientia
787 3591 930 3646 inculoaudl
946 3609 1021 3661 quam
1038 3592 1124 3662 iniquo
1141 3591 1198 3644 aui-

94 3678 136 3716 mo
158 3662 293 3716 audituros
314 3662 455 3732 imperator
478 3663 547 3715 foret
569 3663 651 3716 rixam
671 3679 830 3732 quecumque
846 3677 924 3714 oeuoa
939 3661 1008 3714 inter
1025 3661 1153 3714 Romanoa
1170 3665 1199 3712 et

94 3731 234 3786 auxiliareo
250 3731 337 3802 copiae
354 3737 530 3785 contractam
554 3731 657 3800 quidvis
671 3731 750 3800 igitur
767 3729 973 3799 concoquendum
989 3730 1073 3799 potine
1089 3729 1197 3780 iniuriae

92 3807 231 3870 paterent,
258 3818 334 3870 quum
355 3801 388 3854 ad
412 3801 504 3853 beilum
527 3799 602 3854 oivile
624 3800 822 3862 descenderent,
844 3799 892 3852 tali
914 3798 1064 3868 praesertim
1081 3804 1197 3866 tempore

93 3869 206 3938 capitulo
230 3887 261 3922 ao
284 3885 389 3940 proreun
411 3869 514 3922 exitiale
535 3868 691 3939 reipublioee
712 3871 833 3922 sutorum.
867 3884 916 3920 neo
938 3873 1023 3920 tamen
1040 3866 1080 3919 hia
1094 3879 1196 3934 nemper

93 3946 199 4007 poterat
219 3939 350 4008 praeverti
366 3937 428 4008 quin
442 3940 491 3990 rub
507 3937 562 3990 aeri
578 3955 654 3992 aeneo
676 3937 842 3991 contumeliae
859 3935 1001 4004 praeuertit
1016 3934 1138 3988 militarea
1155 3933 1196 3986 io-

92 4007 196 4060 terdum
213 4008 290 4062 enimi
315 4006 368 4060 vim
391 4014 419 4059 et
441 4023 512 4060 mma
535 4007 684 4075 expedirent
699 4007 725 4059 in
742 4004 882 4058 vindictam
906 4011 952 4057 aut
967 4005 994 4056 in
1009 4003 1089 4055 minae
1109 4017 1195 4054 στατι-

92 4085 201 4142 perent‚
218 4076 333 4129 incendio
351 4093 384 4129 ex
402 4075 441 4128 hie
458 4074 591 4142 scintillis,
612 4076 662 4129 nini
679 4074 765 4128 rtatim
782 4089 845 4127 oure
862 4072 934 4126 doeio
952 4071 1151 4155 opprimeretur,
1167 4070 1195 4124 in

91 4159 210 4212 magnam
227 4145 364 4214 perniciem
380 4143 568 4198 inflammando.
598 4145 713 4198 occurrit
728 4143 797 4195 inter
814 4143 879 4195 haeo
895 4157 995 4194 ooeaaro
1012 4138 1132 4192 iecinoria
1148 4139 1196 4192 mi·

90 4211 186 4277 litatio,
202 4223 274 4267 certo
290 4213 384 4266 indicio
401 4213 479 4266 elnon
495 4220 673 4284 provectorum
689 4227 772 4280 unque
789 4211 816 4264 in
833 4208 950 4262 ricinium
967 4208 1084 4260 boetium.
1119 4206 1147 4259 hi
1160 4208 1195 4261 ad

91 4280 185 4336 turrim
201 4282 323 4336 Gulielmi
341 4281 448 4348 dim,
464 4283 546 4336 loeum
562 4283 667 4340 atatirie
684 4279 806 4336 liomnnln
822 4278 977 4351 proximum,
995 4276 1138 4332 neumaiam
1155 4277 1196 4332 io·

135 4360 270 4431 Georgiue
291 4361 461 4430 Ρασλρσιεισι
481 4363 522 4415 ll.
946 4353 998 4428 27Ι
