2774 4784
414 301 418 314 ’
447 285 526 357 IIB.
549 285 591 358 lI.
642 287 800 356 NOTAE.
889 285 891 288 ’
1101 289 1174 362 763

77 471 200 514 manum
218 469 293 512 vero
310 450 402 532 atirpe
420 449 525 526 iniaae,
544 447 642 512 filium·
653 449 776 513 Ilioarali
790 450 881 514 Flori.
922 452 1004 514 unde
1026 461 1057 514 et
1077 453 1175 534 iprum

77 536 224 599 Monada
235 537 358 597 Florum
371 535 571 616 cognominat.

163 643 194 684 v.
206 627 255 688 10.
275 621 461 682 Plrormdua
480 623 601 686 Ilium.
642 618 694 680 hie
708 639 781 681 vero
798 621 916 682 nomitae
931 619 1175 684 1111110110-

76 707 190 768 rnudua
203 707 361 785 Ximcnm
382 708 427 768 uti
445 727 500 768 noa
519 705 606 768 docet
616 707 722 766 Petrua
738 701 980 768 d'0ultremanua
991 708 1069 770 libro
1083 708 1174 770 modo

76 792 209 868 laudato,
229 801 381 854 auctorem
394 793 490 852 citone
503 790 694 866 IIoncedana,
714 791 766 868 qui
778 800 810 850 et
820 791 910 871 paulo
926 791 1064 869 inferint,
1085 793 1175 869 ο.14,

76 877 233 938 memorati
247 897 266 936 a
276 876 457 957 Pachymero
469 876 615 937 Ferrandi
631 895 650 936 o
661 857 766 956 Iiyaico
780 893 911 936 reoeaaue
927 878 1070 940 meminit.
1137 915 1139 922 ι

160 981 192 1044 p.
211 961 275 1030 394
289 983 323 1023 v.
339 965 370 1026 8.
398 959 587 1022 Ileeudarico.
614 961 711 1040 agitur
725 959 849 1022 hiccine
863 961 955 1022 dubio
972 963 1009 1024 de
1023 963 1176 1036 Frielerioo

75 1045 240 1126 trigonio,
260 1047 344 1108 onina
361 1055 398 1107 ut
409 1055 511 1119 notter
527 1045 658 1107 belbutit
669 1045 702 1104 in
717 1047 852 1122 nomine,
872 1047 915 1108 ita
928 1047 960 1107 in
971 1067 1077 1126 genere
1088 1067 1176 1128 pere-

74 1132 223 1212 grinatur.
252 1141 318 1194 eret
332 1129 409 1192 enim
420 1141 506 1212 geute
518 1131 676 1210 Hiapanua,
690 1150 752 1192 non
766 1132 948 1210 Germanua3
968 1141 999 1194 et
1012 1153 1073 1194 non
1088 1135 1176 1196 Man-

74 1217 154 1278 iredi
164 1236 267 1297 nopoe,
287 1216 434 1278 aedl'etrl
448 1217 525 1296 regia
538 1216 701 1296 Arogoniae
714 1215 804 1282 filiua.
994 1263 996 1266 -

159 1321 191 1363 v.
211 1297 263 1368 16.
282 1304 478 1362 maenam
494 1302 643 1362 comaubio
655 1299 716 1360 eibi
726 1304 840 1377 junxit.
869 1300 991 1381 quondo
1006 1301 1175 1364 Fridericua

75 1406 145 1448 cum
156 1387 263 1447 Garolo
280 1404 350 1466 rege
362 1386 497 1468 Neapolis
517 1405 618 1466 pacem
639 1386 711 1446 fecit
725 1405 848 1466 umque
869 1387 1013 1448 affinitate
1032 1387 1174 1464 firmavit,

75 1493 155 1532 anno
168 1471 280 1532 Chriati
296 1477 393 1548 1802,
417 1490 476 1550 qna
499 1472 537 1532 de
558 1491 593 1532 re
613 1469 759 1533 hocloco
779 1472 891 1550 agitur,
911 1472 1081 1533 Fridericua
1102 1473 1174 1552 ipre,

74 1577 138 1617 non
150 1560 212 1616 elue
222 1556 326 1630 freter,
341 1557 431 1620 duxit
442 1577 569 1618 uxorem
579 1577 640 1617 nou
656 1557 842 1617 Eceterinam
856 1557 909 1616 eed
922 1557 1099 1618 Eleonoram
1114 1559 1172 1616 Ce-

74 1641 135 1718 roli'
149 1641 257 1716 lilium,
275 1650 368 1722 prout
383 1661 422 1702 ex
436 1641 567 1702 eiusdem
580 1641 724 1702 Friderioi
737 1643 863 1722 publicio
881 1643 976 1703 literie
994 1643 1072 1704 dotia
1090 1641 1172 1722 epud

73 1727 212 1786 Gutruna
222 1727 342 1788 Novum
356 1719 437 1788 anno
446 1726 517 1788 Chr.
532 1731 630 1802 1302,
649 1726 756 1788 mencio
768 1726 894 1806 Iuguati
905 1727 953 1786 elie
969 1733 1018 1804 19,
1039 1728 1077 1787 ab
1088 1729 1172 1787 Ode-

72 1811 137 1874 rico
151 1811 308 1892 Raynalelo
326 1811 360 1872 in
380 1831 417 1871 eo
437 1810 546 1872 Inneli
564 1811 718 1890 descriptio
741 1821 867 1872 conatot.
909 1813 962 1872 aed
983 1812 1101 1874 videtur
1115 1813 1172 1872 Pn-

44 1933 59 1956 ·
73 1895 228 1976 chymereo
245 1895 278 1956 in
295 1895 355 1957 hoc
373 1896 494 1956 mnndi
509 1897 690 1957 occationem
712 1897 870 1976 eumpaiaee
890 1915 930 1956 ex
947 1917 982 1956 eo
998 1899 1079 1976 quod
1093 1917 1172 1957 enno
1202 1943 1203 1946 η
1322 1923 1325 1940 =

72 1979 144 2044 chr.
159 1981 240 2048 1296
258 1989 423 2042 uocatum
439 1983 538 2042 suerat
559 1980 742 2042 connubium
754 1981 900 2042 Friderici
919 1980 1009 2044 huiua
1028 2003 1097 2044 oum
1116 1983 1173 2042 ce.

70 2063 199 2143 morino,
213 2083 252 2148 ,⁸¹
265 2065 327 2126 lilia
339 2066 416 2146 regie
428 2067 526 2128 Caroli
538 2065 723 2146 Neapolitani
739 2075 770 2128 et
783 2065 941 2141 Balduino,
956 2067 1009 2144 qui
1024 2069 1173 2126 Constan-

72 2151 306 2230 tinopolitanmn
323 2151 480 2230 imperium
496 2153 652 2226 emicent,
671 2159 751 2211 nate.
792 2151 825 2211 id
842 2151 1066 2210 matrimonium
1078 2149 1173 2211 vehe-

72 2244 189 2297 menter
208 2237 332 2316 urgebat
349 2235 517 2296 Bonileciuo
531 2236 599 2296 VIII
614 2237 701 2298 Rom.
722 2245 822 2315 pont,
844 2236 928 2296 cuiue
946 2236 1048 2316 plurea
1065 2235 1103 2296 de
1120 2236 1172 2296 illo

72 2321 364 2401 argumentoliterua
377 2322 484 2382 recitat
496 2321 698 2382 Odorieuaed
713 2321 799 2381 illum
813 2339 936 2381 cunum.
977 2341 1038 2381 non
1055 2339 1173 2380 euccee-

72 2407 114 2466 ait
126 2415 229 2466 temen
252 2406 416 2486 negotium,
443 2414 474 2466 et
491 2406 541 2466 ille
555 2405 714 2466 Catherina
730 2405 837 2466 deinde
857 2407 960 2486 nupeit
978 2406 1085 2466 Carolo
1099 2406 1173 2466 Phi-

72 2491 147 2572 lippi
159 2490 236 2572 rogia
246 2491 430 2552 Francorum
442 2492 539 2568 fratri,
559 2513 639 2552 euno
651 2490 722 2552 cnr.
735 2495 827 2556 1301.
869 2490 951 2570 quod
965 2491 1062 2570 ipeum
1077 2491 1173 2551 alieno

71 2577 150 2653 loco,
170 2585 263 2657 prout
277 2577 374 2637 obiter
393 2575 546 2653 audierat,
569 2577 651 2638 viaue
668 2585 713 2636 cet
726 2595 956 2637 commemorare
969 2575 1174 2656 Pechymereo,

72 2681 181 2742 perum
199 2661 358 2722 attendena
374 2662 540 2742 pertineret
559 2662 592 2722 it
615 2681 711 2722 *necne
731 2661 771 2721 ad
795 2681 858 2722 rem
876 2661 914 2722 (Ie
929 2682 988 2740 que
1006 2681 1088 2721 nunc
1107 2657 1174 2740 egit.

73 2747 114 2806 aad
130 2765 232 2826 pecem
246 2746 385 2806 videlicet
397 2747 477 2807 inter
490 2748 629 2808 Carolum
641 2765 739 2826 regem
752 2745 978 2827 Neapolitanum
990 2755 1021 2806 et
1036 2747 1061 2806 F
1061 2746 1172 2808 neeri,-

72 2852 142 2892 cum
155 2831 297 2892 aencitern
310 2852 389 2893 anno
400 2831 511 2894 Cluioti
532 2837 624 2908 1002,
648 2851 717 2890 cnm
728 2832 788 2890 iem
799 2853 878 2894 anno
891 2831 1037 2912 auperiori
1049 2830 1173 2890 Ceroluo

72 2919 165 2978 frater
183 2918 259 2996 regie
277 2917 418 2978 l’ranciae
430 2925 569 2978 evocetur
582 2917 614 2976 in
625 2915 741 2977 Iteliem
761 2937 778 2976 a
796 2917 952 2998 pontifice,
973 2925 1010 2976 ut
1024 2915 1173 2974 Cerololl

72 3001 136 3080 regi
147 3001 284 3081 Neapolis
298 3002 441 3065 advoco
455 3001 641 3063 Eridanum
656 3001 783 3062 Siciliam
799 3010 994 3082 occupantem
1010 3001 1172 3061 auxiliare-

73 3095 142 3162 tur,
162 3086 338 3146 conciliante
357 3087 422 3167 ipao
443 3086 595 3148 Bonilacio
616 3086 838 3148 matrimonium
858 3087 971 3148 iroiimet
992 3105 1060 3148 cum
1081 3085 1172 3146 modo

72 3179 236 3232 memorata
249 3171 423 3248 euthemon,
443 3172 592 3253 imputato
605 3173 638 3232 in
652 3171 754 3233 dotem
768 3171 884 3251 imperii
896 3170 1170 3251 eomtantinopoti-
1186 3175 1207 3230 l‘
1226 3176 1277 3231 ete

72 3256 139 3316 teni
155 3254 257 3331 titulo,
278 3256 318 3315 od
329 3257 412 3336 qnod
426 3257 584 3318 catherine
599 3257 647 3318 ina
665 3266 779 3338 epatre
794 3256 940 3318 trahebat.
982 3265 1085 3318 narrat
1097 3254 1172 3316 hoec

72 3341 197 3402 Ioannes
209 3340 351 3402 villeniua
362 3342 384 3402 l.
398 3347 418 3408 9
431 3363 458 3404 c.
476 3342 551 3408 105.
585 3341 705 3402 [ordeni
717 3353 885 3422 temporum
898 3343 1017 3404 illorum
1028 3341 1172 3417 hietoriei,

74 3427 159 3487 cuiue
172 3445 247 3506 opue
262 3447 307 3490 me
319 3437 455 3488 nervatur
470 3428 502 3487 in
517 3427 695 3488 bibliotheca
709 3428 851 3489 vaticam
868 3450 899 3490 n.
908 3433 1000 3504 1960,
1023 3427 1059 3486 de
1071 3425 1129 3485 hnc
1138 3445 1173 3488 re

71 3511 164 3572 verba
181 3509 256 3572 hoec
274 3512 383 3572 recitet
404 3513 641 3593 diligentieaimue
658 3513 807 3575 Odoricua
819 3513 993 3594 Ilnynnldue
1008 3531 1087 3572 enno
1102 3508 1173 3570 Chr.

73 3601 154 3662 1301
175 3617 205 3657 u.
228 3597 283 3664 16:
317 3607 440 3657 mortuo
469 3601 596 3680 coniuge
627 3599 733 3659 Caroli
764 3603 776 3677 (
784 3600 884 3660 fratria
910 3599 986 3678 regie
1008 3596 1173 3674 Franciee)

71 3680 163 3742 ducit
179 3681 400 3759 comeam,
425 3685 478 3742 cui
495 3686 546 3743 a'ue
566 3687 686 3763 imperii
707 3680 1038 3763 Comtontinopole'tom'
1051 3680 1176 3740 debebo.

71 3777 131 3826 tur.
173 3765 241 3826 ideo
264 3789 335 3826 oum
353 3770 474 3829 Venetia
496 3773 668 3849 oompoauit
679 3791 739 3850 pro
761 3769 1099 3847 Conatcntioopolitooo
1119 3770 1175 3824 r'm.

65 3850 1176 4019 1111111111111111111111110111111

70 4031 127 4098 ete.
171 4023 242 4084 ectio
259 4045 351 4104 porro
370 4024 526 4084 voluntte
544 4034 590 4084 cet
603 4025 744 4086 carolum
760 4025 865 4099 ictum,
886 4023 974 4084 eunul
987 4021 1176 4090 catherinam

72 4105 172 4184 duxit,
180 4101 342 4188 'eumpeioae
353 4109 476 4170 titulum
488 4109 676 4190 imperatorie
689 4109 1020 4189 constantinopolitani,
1035 4108 1176 4168 collatum

71 4191 128 4270 ipei
147 4214 165 4249 a
188 4193 328 4272 pontifice
345 4215 486 4255 cononem
502 4195 683 4276 imperialem
705 4197 731 4256 ei
750 4195 909 4258 tribuente.
951 4195 984 4254 id
1005 4193 1107 4253 eeltem
1123 4191 1175 4252 in-

71 4295 164 4337 nuero
181 4278 322 4341 videntur
335 4279 386 4340 ille
401 4280 541 4342 continue
558 4281 715 4342 eubiuncte
735 4281 832 4342 noetri
850 4279 957 4342 verba:
980 4301 1069 4361 quem
1086 4297 1174 4360 pope
