2774 4784
379 321 490 392 tus..
507 320 534 392 1.
574 319 852 392 Glossarium.
1102 325 1177 398 721

77 488 282 572 τετελεσμένον
303 489 505 572 μεμιασμένον
523 488 676 570 pollutum
697 495 727 550 et
748 487 980 560 contaminatum
1001 493 1108 569 sonat,
1127 492 1177 554 hic

78 578 179 644 voluit
193 577 318 638 innuere
334 578 466 655 ignotam
483 596 542 637 non
557 595 619 634 esse
633 573 700 635 sibi.

163 662 254 745 τέρα
275 682 307 741 p.
323 663 384 726 894
398 680 429 724 v,
447 661 496 726 14.
537 661 665 740 ponitur
677 659 728 719 hic
744 659 863 720 Graecis
875 659 974 720 literis
994 667 1105 722 nomen
1117 663 1177 722 ln·

78 751 176 810 tinum
206 759 305 824 terra,
331 746 385 806 sed
406 751 475 806 cum
491 746 582 806 unico
605 769 622 825 ρ
642 749 790 826 scriptum
808 743 887 827 τέρα
930 745 1050 808 videtur
1079 759 1179 809 autem
1235 805 1237 812 ,

79 833 159 893 hanc
183 853 288 892 vocem
309 833 467 892 retinuisse
486 830 665 908 historicus,
686 831 770 910 quod
790 830 924 910 vulgaris
945 841 1022 892 esset
1034 832 1179 912 loquendi

11 991 12 996 ἵ
80 921 177 979 forma
198 918 260 978 illis
282 916 485 994 temporibus,
508 925 543 976 nt
565 917 617 996 qni
639 915 793 998 principes
810 917 965 995 regionum
978 917 1014 978 ab
1027 918 1178 1000 aliispos-

79 1023 226 1064 sessorum
249 1003 295 1062 ius
316 1001 372 1062 sibi
391 1001 577 1062 vindicantes
594 1001 717 1062 titulum
737 1011 905 1076 sumerent,
925 1000 964 1060 ad
977 1002 1179 1064 differentiam

79 1088 299 1169 possidentium
313 1091 379 1146 sine
392 1098 474 1145 terra
487 1085 578 1166 χωρὶς
592 1086 679 1168 τέρας
692 1080 747 1167 ἤτ’
764 1079 822 1150 οὖν
832 1092 889 1170 γῆς
902 1087 975 1148 tales
989 1089 1180 1168 appellaren-

79 1185 141 1236 tur.
172 1167 257 1252 'puta
270 1192 325 1232 ren
338 1171 615 1251 Hierosolymorum
628 1181 680 1232 aut
689 1172 855 1252 imperator
867 1174 1179 1253 constantinopoleos,
1244 1211 1246 1216 ,

72 1259 178 1337 'qualis
190 1257 241 1317 hic
256 1257 452 1318 declaratura
466 1277 544 1337 papa
554 1257 632 1336 regis
645 1258 739 1317 Siculi
747 1259 845 1318 'trater
858 1257 986 1331 dicitur,
1010 1257 1077 1318 iure
1096 1259 1181 1320 vide-

79 1345 153 1404 licet
164 1341 258 1402 dotali
271 1363 287 1402 e
301 1341 364 1401 filia
374 1341 525 1418 Balduini,
547 1343 598 1422 qni
610 1342 897 1424 olimimperavsret
907 1343 1180 1425 Constantinopoli,
1244 1405 1245 1408 ,

80 1428 114 1490 in
128 1447 268 1506 sponsam
280 1427 328 1486 illi
340 1426 443 1486 iuncta
456 1436 564 1490 hacto.
608 1425 663 1488 sed
676 1431 742 1488 sine
757 1439 859 1502 terra,
880 1426 938 1489 hoc
953 1438 1000 1488 est
1014 1429 1088 1490 cina
1101 1451 1181 1512 pos·-

14 1525 15 1530 ’
80 1513 243 1574 sessionem
259 1511 320 1573 eius
334 1512 471 1616 imperii,
493 1514 530 1573 ab
542 1512 716 1573 Andronico
729 1513 871 1575 videlicet
884 1513 1010 1575 detenti.

167 1599 459 1680 τζαγκραιμρες
478 1619 511 1678 p.
534 1597 598 1664 414
621 1617 651 1660 v.
674 1605 705 1665 2.
748 1600 841 1660 luisse
868 1619 922 1678 per
944 1597 1019 1660 haec
1043 1608 1181 1680 tempora

80 1681 161 1762 apud
183 1684 314 1743 Graecos
337 1683 522 1762 Byzantinos
543 1684 577 1742 in
593 1703 651 1743 usu
664 1683 814 1763 frequenti
828 1705 914 1744 arcus
928 1685 1073 1764 quosdam
1086 1706 1182 1766 pecu·
1214 1687 1218 1698 '

78 1767 162 1828 lisris
184 1769 297 1828 formae
318 1787 335 1827 a
355 1768 474 1828 Latinis
486 1776 640 1848 acceptae,
661 1788 739 1848 quse
752 1764 879 1854 τζαμγρά
891 1769 941 1832 vel
952 1767 1115 1852 τζαγγρούς
1128 1791 1183 1832 vo-

80 1853 204 1929 cabant,
225 1851 419 1930 intelligimus
432 1873 499 1913 cum
515 1873 553 1913 ex
568 1852 635 1913 aliis
649 1853 724 1914 locis
734 1854 917 1932 scriptorum
934 1855 997 1915 eius
1012 1855 1093 1934 aevi,
1115 1861 1197 1930 tum,

81 1958 120 1998 ex
132 1937 191 1997 hoc
207 1939 405 1998 Cantacuzeni
422 1939 444 1998 l.
460 1945 476 2004 1
495 1959 520 1998 c.
534 1941 577 2003 36
588 1959 621 2044 p
638 1942 699 2003 108
713 1939 760 2004 ed.
774 1941 862 2018 lisga
883 1945 945 2002 τοῖν
960 1940 994 2004 ta
1008 1934 1102 2017 τὸξων
1118 1948 1183 2003 Λα-

82 2027 207 2086 ττνικοῖν
228 2021 396 2106 λεγομένων
409 2025 560 2124 τζαμγροῖν
577 2020 729 2100 sosimas
742 2023 823 2104 βέλη.
864 2023 1038 2085 huiusmodi
1054 2024 1183 2085 arcubus

81 2109 133 2187 qui
147 2118 318 2183 uterentur,
338 2109 551 2190 τζαγκρατορες
562 2106 744 2187 Pachymere
760 2118 881 2167 auctore
895 2110 1097 2188 vocabantur,
1119 2111 1184 2190 opi-

79 2215 154 2271 nor,
178 2188 241 2256 simi
255 2196 311 2255 τοῦ
322 2199 442 2273 κρατεῖν
454 2190 492 2256 ssi
504 2185 631 2276 τζαγγρᾶ
644 2214 665 2250 a
676 2214 773 2251 manu
786 2190 920 2251 tenendis
934 2189 1073 2274 trangris
1089 2197 1183 2252 Lati-

80 2299 139 2338 nae
152 2279 276 2359 sormas
293 2278 439 2337 ανοιιόιιο.
481 2277 523 2336 sic
544 2277 633 2335 etiam
649 2276 709 2337 hoc
725 2277 906 2338 vocabulum
921 2287 1007 2352 antee
1021 2276 1184 2358 scripserat

79 2363 200 2424 Nicetes
223 2363 255 2420 in
276 2359 413 2421 Manuile
432 2362 584 2421 Comneno
608 2360 628 2420 l.
646 2367 668 2426 2
687 2361 733 2422 his
755 2364 854 2424 verbis
875 2385 892 2422 a
912 2363 1042 2423 Meursio
1063 2363 1182 2426 relatis:

80 2440 272 2530 φραξάμενοι
283 2467 330 2522 τι,
352 2445 395 2522 οἷς
409 2441 507 2527 εἶχον,
528 2442 565 2508 τὰ
578 2447 657 2526 τείχη
668 2442 803 2524 τοξόταις
815 2447 868 2510 καὶ
880 2444 1103 2532 τζαγγροὶτορσι.
1130 2449 1184 2509 Ni·

80 2543 160 2594 cetes
180 2533 261 2592 idem
280 2532 313 2590 in
326 2531 434 2591 Alexio
448 2533 468 2597 l.
485 2537 504 2597 8
522 2531 633 2594 milites
651 2533 783 2593 eiusdem
801 2535 918 2613 generis
937 2529 1184 2618 τζαγγροτοξόιας

79 2625 179 2696 ¹vocat.
221 2617 340 2678 eosdem
362 2637 455 2696 porro
477 2618 635 2697 proprium
649 2617 790 2680 habuisse
802 2618 1078 2702 στρατοπεδάρχην,
1103 2619 1183 2679 sicut

79 2703 131 2764 hic
146 2703 235 2762 docet
247 2699 458 2781 Pachysneres,
480 2701 653 2784 confirmat,
674 2704 720 2763 bis
745 2707 808 2766 eiua
830 2699 1088 2787 οτρατοαεδιὶρχον
1101 2725 1185 2764 men·

79 2789 345 2864 tionemlaciena,
373 2788 514 2848 Codinus.
556 2788 610 2848 sed
635 2789 796 2869 utrobique
823 2791 967 2850 mendum
993 2799 1038 2848 est
1067 2787 1185 2849 librarii

79 2870 287 2956 τζαγγατόρων
297 2893 354 2953 pro
367 2867 607 2955 timoratione,
628 2871 671 2932 sit
683 2873 845 2951 Meursius,
866 2876 959 2935 immo
972 2895 1029 2955 pro
1042 2875 1186 2958 ιζοιγτρα-

79 2954 195 3039 τόρονν,
216 2959 382 3020 scribentis.
424 2959 455 3017 in
472 2957 613 3022 vocexhac
625 2959 849 3038 interpretenda
862 2980 924 3018 non
939 2958 1029 3020 debui
1043 2959 1185 3020 adhibere
1350 3033 1352 3040 Α

81 3046 217 3120 arquitae
234 3052 284 3101 aut
299 3043 444 3122 sagittarii
459 3043 624 3118 vocabula,
646 3063 724 3123 qnae
740 3043 921 3126 peculisrcm
938 3046 1064 3105 formem
1081 3065 1182 3105 armo·
1199 3054 1290 3111 1³61?

80 3147 150 3190 rum
164 3126 253 3186 huius
267 3128 384 3187 ordinis
395 3149 457 3187 non
469 3129 682 3209 exprimerent.
723 3129 836 3190 retinui
857 3150 927 3210 ergo
943 3140 1097 3210 tamquam
1109 3151 1185 3213 pro-

79 3211 184 3297 prium
199 3211 290 3290 vulgo
302 3221 376 3272 tunc
388 3214 528 3274 usitatum
542 3233 662 3274 nornen.
745 3231 747 3234 ·

165 3298 299 3378 τριβαί
318 3318 349 3378 p.
363 3298 423 3363 641
439 3319 467 3358 ι.
482 3303 532 3364 16.
568 3305 641 3358 nota
656 3306 701 3359 est
711 3297 845 3376 vulgaris
857 3307 989 3379 potestas
1000 3299 1083 3360 vocis
1096 3293 1185 3380 τριβή

80 3381 214 3462 duplex:
236 3371 306 3440 nani
325 3393 356 3442 et
377 3403 466 3442 usum
491 3383 704 3444 exercitatione
727 3393 847 3462 partum
866 3393 896 3444 et
911 3405 1025 3446 morsm
1042 3392 1094 3444 sut
1107 3402 1185 3441 cun·

80 3468 242 3527 clationem
261 3468 343 3547 apud
362 3479 498 3528 auctores
514 3469 651 3529 classicos
667 3477 770 3544 sonat3
793 3470 877 3548 quod
895 3479 1058 3548 utrumque
1080 3466 1184 3527 brevi-

44 3625 48 3632 ,
80 3562 130 3613 ter
143 3551 309 3633 Hesychius
322 3553 486 3633 expieasit,
506 3554 580 3614 dnm
591 3549 680 3635 τριβή
694 3553 822 3632 explicet
835 3551 973 3636 διατριβὴ
989 3545 1208 3634 ἢβραόύτηςμ
1294 3578 1298 3584 ’

81 3637 135 3699 sed
156 3637 206 3698 hic
227 3648 330 3698 noster
342 3639 453 3719 plurali
467 3659 593 3698 numero
607 3659 712 3698 vocem
730 3639 809 3700 hanc
821 3649 949 3719 usurpet
968 3636 1130 3718 peculiari,
1151 3637 1185 3696 ni

80 3713 188 3799 iillor,
209 3723 361 3800 notione,
374 3744 431 3804 pro
449 3725 585 3784 induciis.
627 3725 775 3785 sententia
797 3723 908 3804 quippe
925 3723 985 3782 loci
1003 3719 1076 3782 haec
1098 3722 1184 3781 vide·

80 3817 135 3868 tur
145 3827 222 3883 esse,
244 3809 455 3888 imperatorem
471 3819 571 3869 totum
588 3809 735 3870 intentum
749 3809 899 3885 hostibus,
919 3828 937 3867 a
954 3807 1058 3886 quibus
1074 3825 1091 3864 e
1107 3826 1184 3887 pro-

81 3893 196 3974 pinquo
212 3893 369 3953 molestius
381 3895 559 3971 urgebitur,
580 3895 792 3976 reprimendis,
815 3893 949 3952 inducias
964 3892 1084 3951 interim
1098 3892 1185 3952 velut

83 3979 225 4058 quasdam
239 3979 420 4039 concessisse
434 3980 531 4040 Persis
545 4001 600 4060 per
613 3991 727 4040 tractus
741 3980 859 4059 imperii
872 3977 1041 4038 Orientales
1051 3997 1184 4055 messen-

82 4064 183 4136 tibus,
204 4063 280 4124 nihil
296 4074 402 4124 contra
418 4083 468 4125 eos
479 4065 648 4142 moliendo,
671 4065 769 4144 quoad
782 4062 862 4122 melo
875 4061 1016 4123 viciniori
1027 4071 1058 4121 et
1071 4061 1101 4121 in
1116 4061 1184 4120 sinn

81 4149 181 4229 posito
195 4149 342 4234 iynoinlqs
358 4150 538 4210 mederetur.
580 4151 719 4230 suspicor
732 4169 803 4228 ergo
817 4149 850 4207 in
864 4167 923 4208 nan
935 4147 1079 4228 populari
1091 4147 1184 4222 Gree-

84 4253 192 4294 corum
210 4235 445 4313 Byzantinorum
466 4234 558 4296 inisse
578 4235 759 4297 vocabulum
780 4234 881 4314 τριβαί
903 4233 941 4293 ad
955 4233 1185 4312 significandum

83 4319 167 4399 quod
188 4319 288 4378 Latini
307 4317 453 4378 induciae
477 4321 629 4382 dixerunt.
671 4317 936 4400 argumentumque
958 4319 1023 4379 eins
1044 4337 1132 4380 sumo
1146 4335 1187 4380 ex

125 4410 259 4482 Georgius
279 4410 452 4482 Pootysasrss
472 4413 512 4466 11.
639 4441 641 4444 ·
936 4401 979 4472 46
