2774 4784
213 265 292 340 eoo
506 259 747 334 -onsnnvan
770 259 1006 344 nimiunn
1110 301 1117 312 ,
1193 263 1196 272 ,

214 429 334 498 nimime
353 403 576 512 taprobanem*
591 427 623 490 in
639 427 745 490 urbem
767 427 901 490 Sinmaia
914 425 999 507 regni
1011 425 1148 489 Suoeum
1161 423 1327 488 aulifinear

216 519 287 582 euni
307 516 420 578 curiati
439 515 521 581 1605
546 513 733 596 perveniam.
774 514 904 593 denique
922 511 956 573 id
977 512 1078 595 iprum
1097 511 1326 572 ffiaertalbnl-

216 603 378 687 pharagiua
398 601 471 661 alibi
492 609 627 677 testatur,
648 617 757 679 nempe
770 620 799 680 p.
814 599 875 666 351
892 598 988 659 liniue
997 599 1095 680 ipaiua
1107 599 1156 658 eui
1170 594 1322 658 chronici.

273 685 274 688 ’
301 687 354 748 Vl.
395 686 454 753 llic
469 693 585 746 caetera
605 683 739 745 breviter
756 683 1114 762 amuiidi-Mogulenainm
1129 683 1323 763 imperatoria
1365 693 1372 707 ·

114 757 205 842 1²¹586
222 782 288 834 acta
309 771 485 845 reddemus,
508 789 543 829 eo
563 769 707 830 libentiae
726 770 810 850 quad
829 789 905 849 quae
923 767 1030 829 horum
1051 769 1199 848 proxime
1211 788 1323 828 occur-

129 919 141 946 ,
217 869 309 934 runt,
330 855 526 916 illustrandae
537 854 608 916 huic
622 866 744 916 neutrae
757 854 1007 936 Parliymeriauaa
1026 852 1177 914 historiae
1191 874 1323 934 nonpe-

217 965 288 1007 rum
302 941 525 1002 accommodata
541 939 820 1022 deprehenduntur.
861 955 1017 1001 mercum
1028 959 1044 998 a
1057 940 1181 998 Sirenai
1197 939 1323 1019 expedi-

217 1029 301 1088 tione
318 1029 450 1090 Keanem
470 1025 708 1106 Abulpharagiua
730 1035 875 1086 memorat
893 1027 983 1084 Butae
1004 1023 1068 1085 aire
1086 1025 1208 1102 meno,
1228 1024 1322 1084 Taabi

215 1112 319 1177 fratria
333 1112 381 1172 aui
395 1121 470 1171 netu
486 1111 611 1172 maximi
629 1130 729 1193 nuper
745 1111 858 1173 mortui
873 1108 936 1170 lilio
945 1154 955 1186 ‚
974 1119 1194 1169 nnmeroaaaet
1207 1109 1323 1170 validae

217 1197 335 1260 dodinae
352 1197 465 1278 copiae,
486 1216 556 1258 cum
571 1196 717 1257 mandato
725 1196 948 1276 expeditionem
960 1193 1146 1275 macipiendi
1159 1194 1194 1254 iu
1206 1204 1322 1254 mactae

121 1335 125 1344 .
217 1283 468 1366 reptentrionalea
491 1277 527 1342 ot
549 1281 727 1360 aubiugaudi
743 1280 948 1356 Sclaveniam,
985 1279 1141 1356 alaniam,
1172 1279 1320 1350 linaium,

217 1368 396 1448 Bulgariam.
437 1365 520 1426 hiace
535 1366 745 1447 obtemperans
760 1365 908 1426 mandalia
921 1366 1035 1425 Batnua
1054 1364 1195 1444 ingentes
1207 1373 1324 1424 morta-

214 1455 292 1516 lium
310 1461 422 1532 atragea
445 1451 554 1536 edidite
582 1455 670 1527 uam,
698 1459 734 1510 ut
747 1450 789 1512 ibi
802 1451 847 1512 ‘ait
867 1449 1122 1530 Abulpharagiua‚
1150 1469 1223 1510 cum
1237 1452 1323 1510 una

215 1536 477 1620 proficiaceutibna
500 1537 539 1596 ad
559 1534 619 1596 hoc
641 1535 754 1596 bessum
778 1534 925 1598 militibua
942 1535 1086 1596 edixiaaet
1107 1545 1148 1595 ut
1165 1534 1323 1596 hominum

218 1643 294 1703 quoa
315 1622 443 1701 quiaque
466 1620 616 1682 occiderat
633 1620 929 1695 antemuranum,
958 1620 996 1681 ad
1015 1620 1168 1688 indicium
1191 1621 1321 1696 nummi

216 1707 343 1768 recisam
367 1725 383 1765 e
404 1705 550 1767 cadavere
570 1725 672 1768 aecum
697 1705 845 1783 auferret,
866 1705 920 1786 qui
945 1705 1029 1767 ferali
1050 1704 1125 1767 huic
1139 1707 1253 1766 canani
1265 1705 1324 1765 ln·-

217 1791 316 1852 bendo
327 1790 472 1871 praelecti
487 1801 589 1869 mant,
611 1790 739 1851 ducenta
751 1791 940 1872 aeptuaginta
961 1789 1118 1852 hominum
1134 1791 1238 1850 millia
1250 1790 1322 1855 toti·

218 1874 287 1936 dem
302 1875 501 1937 exhibitorum
516 1877 690 1952 dextrarum
704 1877 906 1938 auricularum
920 1885 1093 1955 argumento
1105 1885 1324 1957 compererunt

216 1963 287 2022 neci
300 1961 412 2022 tradita
426 1962 528 2024 iniere.
572 1959 657 2023 addit
666 1959 991 2038 Arabaclnonologua,
1012 1981 1045 2020 re
1056 1961 1135 2021 bene
1149 1961 1183 2020 in
1198 1963 1325 2022 Sclave-

216 2048 269 2107 nia
288 2056 388 2126 gerla,
420 2047 592 2108 decrevime
613 2047 742 2106 Batuum
760 2046 875 2108 adoriri
895 2046 1213 2126 Cunctantinopolim,
1244 2057 1275 2108 et
1289 2066 1322 2106 eo

168 2207 171 2222 y
218 2133 318 2193 animo
338 2133 372 2191 in
392 2131 559 2211 Balgariam
576 2132 713 2194 moriare.
755 2132 808 2192 aed
821 2130 893 2194 illic
911 2129 1050 2192 habuiaee
1064 2132 1175 2192 obviae
1188 2132 1324 2192 Franco-

216 2216 915 2383 illiti?tlltttltttssltftttt
928 2217 1323 2383 lttlttlffi

217 2387 378 2467 coegerunt
392 2386 496 2463 (verba
509 2398 581 2448 aunt
593 2385 822 2468 Abulpharegii)
835 2385 910 2448 adeo
924 2397 960 2446 rel
974 2386 1014 2446 ab
1026 2386 1079 2446 laia
1091 2387 1323 2448 incmeionina

217 2474 331 2530 reverae'
357 2471 556 2551 Moguknaea
577 2471 669 2531 haud
689 2475 800 2532 iterum
819 2470 864 2530 od
877 2473 961 2532 hunc
976 2493 1076 2553 mque
1089 2471 1173 2532 diem
1189 2475 1323 2534 Graeco·

215 2577 288 2614 rum
312 2557 537 2616 Finncorumve
560 2559 698 2637 regionee
723 2559 864 2638 aggraaee'
878 2559 1015 2636 suerint.
1061 2558 1117 2618 tali
1149 2560 1322 2620 narratione

141 2712 149 2725 Ι
214 2641 381 2701 multorum
397 2662 544 2702 annorum
556 2641 634 2702 bella
650 2651 682 2704 et
692 2642 881 2704 incurrionea
894 2642 928 2703 in
945 2642 1044 2703 variae
1053 2643 1178 2724 imperii
1194 2642 1321 2704 llomuni

216 2726 378 2786 orientalia
395 2735 512 2806 partea,
534 2727 652 2788 diverao
673 2747 814 2788 aucceaau
835 2727 1083 2807 allegationibus
1103 2737 1261 2806 tentatae,
1279 2730 1322 2788 in·

79 2875 113 2981 5⁵5:
214 2821 497 2958 :ttttzlltl
508 2811 1321 2978 etltttttttltltttllfftffl

215 2981 292 3040 citer
307 2980 434 3061 Hegirae
449 2987 512 3048 628
528 2984 566 3043 ad
580 2987 653 3059 638,
668 2981 728 3044 hoc
742 2991 788 3044 eat
801 2983 838 3043 ab
847 3003 932 3044 anno
948 2983 1059 3044 ctnati
1075 2987 1162 3050 1280
1175 2985 1320 3060 ed12id,

215 3065 412 3144 inquietarer,
439 3069 548 3147 partim
567 3067 693 3128 Nicaeae
711 3067 897 3130 dominanter
920 3069 1042 3130 Graecia
1066 3069 1245 3147 [mnsam
1274 3077 1321 3129 ant

214 3150 383 3230 Batataam,
412 3153 524 3232 partim
547 3151 745 3234 imperantem
771 3153 1030 3234 Couelautinopoli
1046 3153 1237 3214 Balduinuna
1261 3155 1320 3218 eiua

213 3236 345 3296 neminie
362 3239 536 3296 secundum.
579 3239 687 3299 fortiua
707 3259 800 3319 porro
824 3257 861 3298 ec
880 3239 997 3300 feliciae
1013 3237 1162 3299 reatitiaae
1177 3239 1321 3300 Tochari·

212 3319 336 3382 Latinos
354 3341 444 3401 quam
466 3323 597 3383 Graecae
618 3343 653 3384 eo
674 3323 770 3399 ballo,
798 3322 881 3403 quod
903 3323 981 3385 sorte
999 3343 1105 3404 parum
1118 3324 1321 3388 candidola-

213 3405 605 3496 elrymereadiaaimulavit,
634 3409 746 3470 diserte
767 3407 818 3468 hic
840 3408 973 3470 affirmat
986 3407 1246 3489 Abulpliaragiua.
1286 3428 1322 3470 ex

214 3510 276 3570 quo
290 3491 381 3552 etiam
392 3491 534 3553 discimua
549 3493 684 3554 debniaaa
709 3496 838 3555 Graecoa
857 3493 1034 3556 fortitudini
1052 3493 1253 3572 hunorum,
1275 3495 1322 3556 ri-

215 3577 320 3636 ctoriia
343 3575 377 3636 in
394 3578 536 3656 Bulgaria
558 3579 596 3638 de
616 3579 840 3657 Megulenaibua
860 3579 964 3640 celatia
987 3579 1147 3659 probatae,
1168 3599 1322 3640 receaaum

214 3659 422 3728 Tocharorum
442 3659 478 3722 ab
504 3664 637 3745 ipsorum
660 3665 788 3739 linibue;
814 3685 834 3724 a
859 3665 967 3744 quibua
989 3665 1069 3724 bello
1090 3666 1253 3726 tentandia
1267 3666 1323 3726 uiri

83 3803 84 3806 ,
214 3753 331 3807 temore
341 3747 517 3810 Latinorum
533 3747 655 3809 cohibiti
671 3759 901 3830 temperarent,
924 3749 1259 3829 quantamprosactun·
1272 3751 1322 3810 lo-

213 3841 301 3930 cent,
324 3834 527 3894 conclametio
544 3833 727 3896 Graecorum
740 3836 887 3898 aduolam
903 3836 1085 3895 mentionem
1103 3834 1177 3894 belli
1195 3836 1322 3898 Tocha-

213 3917 993 4086 'tt‘tlttitt:„Palllsstntiltlt'tls
1004 3919 1324 4086 tllzl‘lt'ttss'n

212 4093 318 4145 umet
332 4087 370 4148 da
387 4097 503 4149 terrore
523 4089 739 4170 imperatorum
762 4091 983 4166 Hieremiam,
1004 4090 1122 4169 quoties
1137 4111 1253 4154 mmor
1265 4093 1324 4152 Το-

213 4167 375 4232 charorum
391 4172 600 4255 increbuerat3
626 4186 693 4236 tum
706 4195 783 4256 quae
802 4197 833 4256 p.
850 4176 911 4243 149
932 4195 962 4236 v.
981 4180 1001 4241 6
1023 4175 1116 4235 refert
1130 4175 1170 4236 da
1184 4189 1324 4238 conatur-

209 4252 331 4316 uau'one
346 4257 456 4320 Pane·
468 4259 593 4324 Nicaeae
606 4261 691 4324 urbia
704 4259 744 4324 ad
758 4271 860 4324 ortum
871 4281 911 4322 ex
924 4279 1003 4324 rano
1018 4279 1160 4326 murmur
1171 4261 1326 4348 irruptio-

173 4517 311 4654 *a

141 4659 187 4746 t
297 4657 324 4746 ζ
