<?xml version="1.0" encoding="UTF-8"?>
<!DOCTYPE html PUBLIC "-//W3C//DTD XHTML 1.0 Transitional//EN"
    "http://www.w3.org/TR/xhtml1/DTD/xhtml1-transitional.dtd">
<html xmlns="http://www.w3.org/1999/xhtml" xml:lang="en" lang="en">
 <head>
  <title>
</title>
<meta http-equiv="Content-Type" content="text/html;charset=utf-8" />
  <meta name='ocr-system' content='tesseract 3.04.00' />
  <meta name='ocr-capabilities' content='ocr_page ocr_carea ocr_par ocr_line ocrx_word'/>
</head>
<body>
  <div class='ocr_page' id='page_1' title='image "./georgiipachymer00pousgoog_0174.png"; bbox 0 0 2798 4786; ppageno 0'>
   <div class='ocr_carea' id='block_1_1' title="bbox 233 297 1170 372">
    <p class='ocr_par' dir='ltr' id='par_1_1' title="bbox 233 297 1170 372">
     <span class='ocr_line' id='line_1_1' title="bbox 233 297 1170 372; baseline 0.007 -7"><span class='ocrx_word' id='word_1_1' title='bbox 233 299 291 366; x_wconf 87' lang='lat' dir='ltr'><strong>DE</strong></span> <span class='ocrx_word' id='word_1_2' title='bbox 314 297 566 366; x_wconf 77' lang='lat' dir='ltr'>ANDRONIGO</span> <span class='ocrx_word' id='word_1_3' title='bbox 591 297 874 368; x_wconf 73' lang='lat' dir='ltr'><strong>PALAEOLOGO</strong></span> <span class='ocrx_word' id='word_1_4' title='bbox 901 299 936 366; x_wconf 88' lang='lat' dir='ltr'><strong>L.</strong></span> <span class='ocrx_word' id='word_1_5' title='bbox 951 299 994 366; x_wconf 89' lang='grc' dir='ltr'><strong>Π.</strong></span> <span class='ocrx_word' id='word_1_6' title='bbox 1099 301 1170 372; x_wconf 86' lang='grc'><strong>161</strong></span> 
     </span>
    </p>
   </div>
   <div class='ocr_carea' id='block_1_2' title="bbox 65 465 1216 570">
    <p class='ocr_par' dir='ltr' id='par_1_2' title="bbox 65 465 1216 570">
     <span class='ocr_line' id='line_1_2' title="bbox 65 465 1216 570; baseline -0.003 -32"><span class='ocrx_word' id='word_1_7' title='bbox 65 471 168 538; x_wconf 82' lang='grc' dir='ltr'><strong><em>σίτίοο</em></strong></span> <span class='ocrx_word' id='word_1_8' title='bbox 189 475 248 536; x_wconf 74' lang='grc' dir='ltr'><strong><em>τοῦ</em></strong></span> <span class='ocrx_word' id='word_1_9' title='bbox 269 470 322 535; x_wconf 84' lang='grc' dir='ltr'><strong><em>καί</em></strong></span> <span class='ocrx_word' id='word_1_10' title='bbox 342 465 523 552; x_wconf 63' lang='lat' dir='ltr'><strong>incalluere</strong></span> <span class='ocrx_word' id='word_1_11' title='bbox 542 468 597 538; x_wconf 79' lang='grc' dir='ltr'><strong><em>τίεν</em></strong></span> <span class='ocrx_word' id='word_1_12' title='bbox 611 467 714 552; x_wconf 70' lang='grc' dir='ltr'><strong><em>ἥλιον,</em></strong></span> <span class='ocrx_word' id='word_1_13' title='bbox 740 467 871 553; x_wconf 71' lang='grc' dir='ltr'><strong><em>ὕστερον</em></strong></span> <span class='ocrx_word' id='word_1_14' title='bbox 886 468 922 535; x_wconf 73' lang='lat' dir='ltr'><strong>di</strong></span> <span class='ocrx_word' id='word_1_15' title='bbox 938 471 989 535; x_wconf 87' lang='grc' dir='ltr'><strong><em>καί</em></strong></span> <span class='ocrx_word' id='word_1_16' title='bbox 1002 468 1171 556; x_wconf 70' lang='grc' dir='ltr'><strong><em>εὐεργέτου,</em></strong></span> <span class='ocrx_word' id='word_1_17' title='bbox 1191 477 1216 570; x_wconf 94' lang='grc' dir='ltr'><strong><em>Β</em></strong></span> 
     </span>
    </p>
   </div>
   <div class='ocr_carea' id='block_1_3' title="bbox 37 569 1221 2413">
    <p class='ocr_par' dir='ltr' id='par_1_3' title="bbox 37 569 1221 2413">
     <span class='ocr_line' id='line_1_3' title="bbox 66 569 1177 659; baseline -0.003 -19"><span class='ocrx_word' id='word_1_18' title='bbox 66 579 198 640; x_wconf 78' lang='grc' dir='ltr'><strong><em>τοιαῦτα</em></strong></span> <span class='ocrx_word' id='word_1_19' title='bbox 225 569 541 658; x_wconf 86' lang='grc' dir='ltr'><strong><em>κατομεμελετηκότες</em></strong></span> <span class='ocrx_word' id='word_1_20' title='bbox 570 573 729 659; x_wconf 80' lang='grc' dir='ltr'><strong><em>ίλίγχεσθε</em></strong></span> <span class='ocrx_word' id='word_1_21' title='bbox 745 572 782 657; x_wconf 84' lang='lat'><strong>,·”</strong></span> <span class='ocrx_word' id='word_1_22' title='bbox 815 583 881 650; x_wconf 79' lang='grc' dir='ltr'><strong><em>τοῖς</em></strong></span> <span class='ocrx_word' id='word_1_23' title='bbox 907 571 941 638; x_wconf 82' lang='lat' dir='ltr'><strong>d’</strong></span> <span class='ocrx_word' id='word_1_24' title='bbox 975 573 1177 658; x_wconf 69' lang='grc' dir='ltr'><strong>ἀρνουμένοις</strong></span> 
     </span>
     <span class='ocr_line' id='line_1_4' title="bbox 66 672 1178 764; baseline -0.002 -22"><span class='ocrx_word' id='word_1_25' title='bbox 66 672 199 760; x_wconf 74' lang='grc' dir='ltr'><strong><em>πάμπαν</em></strong></span> <span class='ocrx_word' id='word_1_26' title='bbox 218 678 270 742; x_wconf 86' lang='grc' dir='ltr'><strong><em>καί</em></strong></span> <span class='ocrx_word' id='word_1_27' title='bbox 294 677 370 754; x_wconf 76' lang='grc' dir='ltr'><strong>τούς</strong></span> <span class='ocrx_word' id='word_1_28' title='bbox 393 677 534 762; x_wconf 83' lang='grc' dir='ltr'><strong><em>ίλίγχους</em></strong></span> <span class='ocrx_word' id='word_1_29' title='bbox 558 680 700 761; x_wconf 73' lang='grc' dir='ltr'><strong><em>ζητοῦσιν</em></strong></span> <span class='ocrx_word' id='word_1_30' title='bbox 715 674 812 754; x_wconf 78' lang='grc' dir='ltr'><strong><em>εὗθίις</em></strong></span> <span class='ocrx_word' id='word_1_31' title='bbox 831 676 861 743; x_wconf 80' lang='lat' dir='ltr'><strong>oi</strong></span> <span class='ocrx_word' id='word_1_32' title='bbox 873 673 1065 752; x_wconf 79' lang='grc' dir='ltr'><strong>κατειπόντες</strong></span> <span class='ocrx_word' id='word_1_33' title='bbox 1083 679 1178 764; x_wconf 88' lang='grc' dir='ltr'><strong><em>παρί-</em></strong></span> 
     </span>
     <span class='ocr_line' id='line_1_5' title="bbox 68 773 1175 866; baseline -0.002 -20"><span class='ocrx_word' id='word_1_34' title='bbox 68 803 202 863; x_wconf 85' lang='grc' dir='ltr'><strong><em>οτσντο,</em></strong></span> <span class='ocrx_word' id='word_1_35' title='bbox 228 782 280 846; x_wconf 86' lang='grc' dir='ltr'><strong><em>καλ</em></strong></span> <span class='ocrx_word' id='word_1_36' title='bbox 296 777 339 856; x_wconf 80' lang='grc' dir='ltr'><strong>ὥς</strong></span> <span class='ocrx_word' id='word_1_37' title='bbox 352 773 391 865; x_wconf 79' lang='grc' dir='ltr'><strong><em>ἦν</em></strong></span> <span class='ocrx_word' id='word_1_38' title='bbox 406 780 527 856; x_wconf 66' lang='grc' dir='ltr'><strong><em>ἐκείνοις</em></strong></span> <span class='ocrx_word' id='word_1_39' title='bbox 542 781 630 865; x_wconf 81' lang='grc' dir='ltr'><strong><em>ίοχίις</em></strong></span> <span class='ocrx_word' id='word_1_40' title='bbox 645 780 711 862; x_wconf 77' lang='grc' dir='ltr'><strong><em>ἅμα</em></strong></span> <span class='ocrx_word' id='word_1_41' title='bbox 727 782 779 846; x_wconf 82' lang='grc' dir='ltr'><strong><em>καί</em></strong></span> <span class='ocrx_word' id='word_1_42' title='bbox 798 777 841 854; x_wconf 80' lang='grc' dir='ltr'><strong><em>είς</em></strong></span> <span class='ocrx_word' id='word_1_43' title='bbox 857 778 996 862; x_wconf 74' lang='grc' dir='ltr'><strong><em>σπουδὴν</em></strong></span> <span class='ocrx_word' id='word_1_44' title='bbox 1014 775 1175 866; x_wconf 76' lang='grc' dir='ltr'><strong><em>πρόθεσις,</em></strong></span> 
     </span>
     <span class='ocr_line' id='line_1_6' title="bbox 44 878 1178 974; baseline -0.003 -26"><span class='ocrx_word' id='word_1_45' title='bbox 44 881 206 969; x_wconf 70' lang='grc' dir='ltr'><strong><em>ὅῆλεγχον.</em></strong></span> <span class='ocrx_word' id='word_1_46' title='bbox 243 883 354 950; x_wconf 74' lang='grc' dir='ltr'><strong><em>αὐτίκα</em></strong></span> <span class='ocrx_word' id='word_1_47' title='bbox 366 885 484 974; x_wconf 89' lang='grc' dir='ltr'><strong>Ιτοίνυν,</strong></span> <span class='ocrx_word' id='word_1_48' title='bbox 501 879 552 950; x_wconf 85' lang='grc' dir='ltr'><strong><em>οία</em></strong></span> <span class='ocrx_word' id='word_1_49' title='bbox 567 885 710 972; x_wconf 72' lang='lat' dir='ltr'><strong>(paletini</strong></span> <span class='ocrx_word' id='word_1_50' title='bbox 725 878 879 957; x_wconf 75' lang='grc' dir='ltr'><strong><em>τοιούτοις</em></strong></span> <span class='ocrx_word' id='word_1_51' title='bbox 890 884 1044 968; x_wconf 87' lang='grc' dir='ltr'><strong><em>γίνεσθαι,</em></strong></span> <span class='ocrx_word' id='word_1_52' title='bbox 1076 887 1178 968; x_wconf 80' lang='grc' dir='ltr'><strong><em>θροῦς</em></strong></span> 
     </span>
     <span class='ocr_line' id='line_1_7' title="bbox 69 979 1179 1072; baseline -0.005 -18"><span class='ocrx_word' id='word_1_53' title='bbox 69 979 108 1072; x_wconf 70' lang='grc' dir='ltr'><strong><em>ἦν</em></strong></span> <span class='ocrx_word' id='word_1_54' title='bbox 129 993 194 1054; x_wconf 83' lang='grc' dir='ltr'><strong>τῶν</strong></span> <span class='ocrx_word' id='word_1_55' title='bbox 216 987 274 1069; x_wconf 81' lang='grc' dir='ltr'><strong><em>μίν</em></strong></span> <span class='ocrx_word' id='word_1_56' title='bbox 294 986 549 1070; x_wconf 69' lang='grc' dir='ltr'><strong>ἐκπληττομένων</strong></span> <span class='ocrx_word' id='word_1_57' title='bbox 574 994 636 1054; x_wconf 84' lang='grc' dir='ltr'><strong>τῶν</strong></span> <span class='ocrx_word' id='word_1_58' title='bbox 658 988 693 1052; x_wconf 76' lang='lat' dir='ltr'><strong>«tl</strong></span> <span class='ocrx_word' id='word_1_59' title='bbox 713 988 763 1052; x_wconf 89' lang='grc' dir='ltr'><strong><em>καί</em></strong></span> <span class='ocrx_word' id='word_1_60' title='bbox 781 981 995 1070; x_wconf 82' lang='grc' dir='ltr'><strong><em>οτυγοιίντιυν,</em></strong></span> <span class='ocrx_word' id='word_1_61' title='bbox 1024 984 1127 1050; x_wconf 76' lang='grc' dir='ltr'><strong><em>ἄλλων</em></strong></span> <span class='ocrx_word' id='word_1_62' title='bbox 1144 987 1179 1048; x_wconf 78' lang='grc' dir='ltr'><strong>δὲ</strong></span> 
     </span>
     <span class='ocr_line' id='line_1_8' title="bbox 71 1085 1178 1176; baseline -0.005 -20"><span class='ocrx_word' id='word_1_63' title='bbox 71 1091 120 1156; x_wconf 84' lang='grc' dir='ltr'><strong><em>καί</em></strong></span> <span class='ocrx_word' id='word_1_64' title='bbox 132 1087 226 1154; x_wconf 68' lang='grc' dir='ltr'><strong><em>πλέον</em></strong></span> <span class='ocrx_word' id='word_1_65' title='bbox 245 1095 303 1154; x_wconf 82' lang='grc' dir='ltr'><strong><em>τοῦ</em></strong></span> <span class='ocrx_word' id='word_1_66' title='bbox 317 1086 435 1167; x_wconf 84' lang='grc' dir='ltr'><strong><em>είκότος</em></strong></span> <span class='ocrx_word' id='word_1_67' title='bbox 453 1085 532 1155; x_wconf 80' lang='grc' dir='ltr'><strong><em>κατοί</em></strong></span> <span class='ocrx_word' id='word_1_68' title='bbox 547 1115 616 1158; x_wconf 88' lang='grc' dir='ltr'><strong><em>τινα</em></strong></span> <span class='ocrx_word' id='word_1_69' title='bbox 631 1089 802 1176; x_wconf 89' lang='grc' dir='ltr'><strong><em>θεραπείαν</em></strong></span> <span class='ocrx_word' id='word_1_70' title='bbox 824 1088 1113 1172; x_wconf 73' lang='grc' dir='ltr'><strong>παρακεκινημένον</strong></span> <span class='ocrx_word' id='word_1_71' title='bbox 1126 1090 1178 1152; x_wconf 86' lang='grc' dir='ltr'><strong><em>καί</em></strong></span> 
     </span>
     <span class='ocr_line' id='line_1_9' title="bbox 71 1187 1215 1279; baseline -0.003 -21"><span class='ocrx_word' id='word_1_72' title='bbox 71 1191 162 1278; x_wconf 87' lang='grc' dir='ltr'><strong><em>λίγειν</em></strong></span> <span class='ocrx_word' id='word_1_73' title='bbox 178 1193 230 1257; x_wconf 84' lang='grc' dir='ltr'><strong><em>καί</em></strong></span> <span class='ocrx_word' id='word_1_74' title='bbox 243 1189 399 1279; x_wconf 80' lang='grc' dir='ltr'><strong><em>πράττειν.</em></strong></span> <span class='ocrx_word' id='word_1_75' title='bbox 449 1194 536 1269; x_wconf 74' lang='grc' dir='ltr'><strong><em>τέλος</em></strong></span> <span class='ocrx_word' id='word_1_76' title='bbox 556 1193 632 1269; x_wconf 74' lang='grc' dir='ltr'><strong><em>τοὺς</em></strong></span> <span class='ocrx_word' id='word_1_77' title='bbox 649 1193 708 1277; x_wconf 76' lang='grc' dir='ltr'><strong><em>μίν</em></strong></span> <span class='ocrx_word' id='word_1_78' title='bbox 719 1191 777 1270; x_wconf 79' lang='grc' dir='ltr'><strong><em>τὰς</em></strong></span> <span class='ocrx_word' id='word_1_79' title='bbox 792 1192 911 1258; x_wconf 68' lang='grc' dir='ltr'><strong><em>ἐκείνων</em></strong></span> <span class='ocrx_word' id='word_1_80' title='bbox 929 1193 1027 1267; x_wconf 62' lang='lat' dir='ltr'><strong>olrice</strong></span> <span class='ocrx_word' id='word_1_81' title='bbox 1039 1187 1173 1256; x_wconf 86' lang='grc' dir='ltr'><strong><em>πολυόλ-</em></strong></span> <span class='ocrx_word' id='word_1_82' title='bbox 1191 1199 1215 1254; x_wconf 89' lang='lat' dir='ltr'><strong>c</strong></span> 
     </span>
     <span class='ocr_line' id='line_1_10' title="bbox 71 1291 1178 1382; baseline -0.004 -22"><span class='ocrx_word' id='word_1_83' title='bbox 71 1293 274 1376; x_wconf 74' lang='grc' dir='ltr'><strong><em>βουςοῦσας,</em></strong></span> <span class='ocrx_word' id='word_1_84' title='bbox 299 1297 351 1362; x_wconf 86' lang='grc' dir='ltr'><strong><em>καί</em></strong></span> <span class='ocrx_word' id='word_1_85' title='bbox 367 1301 487 1378; x_wconf 83' lang='grc' dir='ltr'><strong><em>μᾶλλον</em></strong></span> <span class='ocrx_word' id='word_1_86' title='bbox 501 1295 559 1378; x_wconf 79' lang='grc' dir='ltr'><strong>τὴν</strong></span> <span class='ocrx_word' id='word_1_87' title='bbox 573 1302 628 1364; x_wconf 78' lang='grc' dir='ltr'><strong><em>τοῦ</em></strong></span> <span class='ocrx_word' id='word_1_88' title='bbox 651 1291 959 1382; x_wconf 83' lang='grc' dir='ltr'><strong><em>πορφυρογεννήτου,</em></strong></span> <span class='ocrx_word' id='word_1_89' title='bbox 985 1293 1178 1372; x_wconf 71' lang='grc' dir='ltr'><strong><em>καθίζοντας</em></strong></span> 
     </span>
     <span class='ocr_line' id='line_1_11' title="bbox 37 1395 1178 1486; baseline -0.005 -18"><span class='ocrx_word' id='word_1_90' title='bbox 37 1397 249 1468; x_wconf 63' lang='lat' dir='ltr'><strong>animate</strong></span> <span class='ocrx_word' id='word_1_91' title='bbox 256 1447 267 1478; x_wconf 87' lang='lat'><strong>,</strong></span> <span class='ocrx_word' id='word_1_92' title='bbox 293 1398 409 1476; x_wconf 82' lang='grc' dir='ltr'><strong><em>αὖτοίις</em></strong></span> <span class='ocrx_word' id='word_1_93' title='bbox 423 1401 458 1464; x_wconf 74' lang='grc' dir='ltr'><strong>δὲ</strong></span> <span class='ocrx_word' id='word_1_94' title='bbox 470 1398 524 1464; x_wconf 80' lang='grc' dir='ltr'><strong>τὸν</strong></span> <span class='ocrx_word' id='word_1_95' title='bbox 537 1399 593 1482; x_wconf 76' lang='grc' dir='ltr'><strong><em>μὲν</em></strong></span> <span class='ocrx_word' id='word_1_96' title='bbox 611 1403 765 1486; x_wconf 79' lang='grc' dir='ltr'><strong><em>φυλακαῖς</em></strong></span> <span class='ocrx_word' id='word_1_97' title='bbox 779 1399 893 1477; x_wconf 71' lang='grc' dir='ltr'><strong><em>ἐδίδου,</em></strong></span> <span class='ocrx_word' id='word_1_98' title='bbox 920 1396 975 1464; x_wconf 81' lang='grc' dir='ltr'><strong>τὸν</strong></span> <span class='ocrx_word' id='word_1_99' title='bbox 988 1396 1022 1462; x_wconf 84' lang='lat' dir='ltr'><strong>d&#39;</strong></span> <span class='ocrx_word' id='word_1_100' title='bbox 1042 1395 1178 1483; x_wconf 76' lang='grc' dir='ltr'><strong><em>ἀδελφὸν</em></strong></span> 
     </span>
     <span class='ocr_line' id='line_1_12' title="bbox 73 1496 1177 1584; baseline -0.004 -18"><span class='ocrx_word' id='word_1_101' title='bbox 73 1502 251 1584; x_wconf 77' lang='grc' dir='ltr'><strong><em>συγκλείσας</em></strong></span> <span class='ocrx_word' id='word_1_102' title='bbox 270 1497 316 1568; x_wconf 70' lang='grc' dir='ltr'><strong><em>ἑνί</em></strong></span> <span class='ocrx_word' id='word_1_103' title='bbox 335 1507 400 1570; x_wconf 82' lang='grc' dir='ltr'><strong>τῶν</strong></span> <span class='ocrx_word' id='word_1_104' title='bbox 425 1499 507 1569; x_wconf 70' lang='grc' dir='ltr'><strong><em>κατὰ</em></strong></span> <span class='ocrx_word' id='word_1_105' title='bbox 535 1502 576 1568; x_wconf 80' lang='grc' dir='ltr'><strong><em>τὰ</em></strong></span> <span class='ocrx_word' id='word_1_106' title='bbox 595 1498 731 1568; x_wconf 83' lang='grc' dir='ltr'><strong><em>παλιίτια</em></strong></span> <span class='ocrx_word' id='word_1_107' title='bbox 752 1505 922 1583; x_wconf 80' lang='grc' dir='ltr'><strong><em>βασιλικῶν</em></strong></span> <span class='ocrx_word' id='word_1_108' title='bbox 945 1496 1121 1583; x_wconf 70' lang='grc' dir='ltr'><strong><em>οἰκημάτων</em></strong></span> <span class='ocrx_word' id='word_1_109' title='bbox 1144 1499 1177 1564; x_wconf 73' lang='lat' dir='ltr'><strong>lu</strong></span> 
     </span>
     <span class='ocr_line' id='line_1_13' title="bbox 73 1601 1208 1691; baseline 0 -21"><span class='ocrx_word' id='word_1_110' title='bbox 73 1603 210 1690; x_wconf 71' lang='grc' dir='ltr'><strong><em>ἀσφαλεῖ</em></strong></span> <span class='ocrx_word' id='word_1_111' title='bbox 220 1607 431 1691; x_wconf 86' lang='grc' dir='ltr'><strong><em>καθείργνυσι.</em></strong></span> <span class='ocrx_word' id='word_1_112' title='bbox 483 1607 631 1690; x_wconf 88' lang='grc' dir='ltr'><strong><em>προνοίας</em></strong></span> <span class='ocrx_word' id='word_1_113' title='bbox 654 1604 687 1670; x_wconf 85' lang='lat' dir='ltr'><strong>d&#39;</strong></span> <span class='ocrx_word' id='word_1_114' title='bbox 707 1605 822 1680; x_wconf 72' lang='grc' dir='ltr'><strong><em>ἐκείνας</em></strong></span> <span class='ocrx_word' id='word_1_115' title='bbox 841 1607 892 1668; x_wconf 88' lang='grc' dir='ltr'><strong><em>καί</em></strong></span> <span class='ocrx_word' id='word_1_116' title='bbox 906 1601 1017 1688; x_wconf 80' lang='grc' dir='ltr'><strong><em>ἇγίλας</em></strong></span> <span class='ocrx_word' id='word_1_117' title='bbox 1034 1605 1084 1668; x_wconf 79' lang='grc' dir='ltr'><strong><em>καί</em></strong></span> <span class='ocrx_word' id='word_1_118' title='bbox 1098 1601 1178 1670; x_wconf 78' lang='lat' dir='ltr'><strong>cinn-</strong></span> <span class='ocrx_word' id='word_1_119' title='bbox 1198 1647 1208 1670; x_wconf 73' lang='grc' dir='ltr'><strong><em>ι</em></strong></span> 
     </span>
     <span class='ocr_line' id='line_1_14' title="bbox 73 1703 1178 1792; baseline -0.001 -20"><span class='ocrx_word' id='word_1_120' title='bbox 73 1703 174 1789; x_wconf 73' lang='grc' dir='ltr'><strong><em>θήκας</em></strong></span> <span class='ocrx_word' id='word_1_121' title='bbox 186 1711 341 1774; x_wconf 85' lang='grc' dir='ltr'><strong><em>παντοίων</em></strong></span> <span class='ocrx_word' id='word_1_122' title='bbox 362 1709 454 1776; x_wconf 75' lang='lat' dir='ltr'><strong>rideris</strong></span> <span class='ocrx_word' id='word_1_123' title='bbox 468 1710 519 1773; x_wconf 88' lang='grc' dir='ltr'><strong><em>καί</em></strong></span> <span class='ocrx_word' id='word_1_124' title='bbox 537 1705 653 1792; x_wconf 81' lang='grc' dir='ltr'><strong><em>χρυσόν</em></strong></span> <span class='ocrx_word' id='word_1_125' title='bbox 660 1755 671 1788; x_wconf 90' lang='grc'><strong><em>,</em></strong></span> <span class='ocrx_word' id='word_1_126' title='bbox 697 1707 751 1774; x_wconf 78' lang='grc' dir='ltr'><strong>τὸν</strong></span> <span class='ocrx_word' id='word_1_127' title='bbox 765 1707 823 1792; x_wconf 82' lang='grc' dir='ltr'><strong><em>μίν</em></strong></span> <span class='ocrx_word' id='word_1_128' title='bbox 836 1707 869 1772; x_wconf 83' lang='grc' dir='ltr'><strong><em>ίν</em></strong></span> <span class='ocrx_word' id='word_1_129' title='bbox 883 1707 1051 1790; x_wconf 86' lang='grc' dir='ltr'><strong><em>νομίσμασι</em></strong></span> <span class='ocrx_word' id='word_1_130' title='bbox 1067 1731 1178 1788; x_wconf 88' lang='grc' dir='ltr'><strong><em>κεκομ-</em></strong></span> 
     </span>
     <span class='ocr_line' id='line_1_15' title="bbox 74 1807 1179 1897; baseline -0.002 -22"><span class='ocrx_word' id='word_1_131' title='bbox 74 1810 163 1891; x_wconf 86' lang='grc' dir='ltr'><strong><em>μίνον</em></strong></span> <span class='ocrx_word' id='word_1_132' title='bbox 177 1810 235 1876; x_wconf 77' lang='grc' dir='ltr'><strong>τὸν</strong></span> <span class='ocrx_word' id='word_1_133' title='bbox 248 1813 268 1875; x_wconf 86' lang='lat' dir='ltr'><strong>d</strong></span> <span class='ocrx_word' id='word_1_134' title='bbox 273 1810 283 1836; x_wconf 89' lang='lat'>&#39;</span> <span class='ocrx_word' id='word_1_135' title='bbox 301 1813 333 1876; x_wconf 76' lang='grc' dir='ltr'><strong><em>ἐν</em></strong></span> <span class='ocrx_word' id='word_1_136' title='bbox 346 1807 526 1893; x_wconf 79' lang='grc' dir='ltr'><strong><em>ίκπιίμασιν</em></strong></span> <span class='ocrx_word' id='word_1_137' title='bbox 541 1809 739 1897; x_wconf 84' lang='grc' dir='ltr'><strong><em>είργασμίνον</em></strong></span> <span class='ocrx_word' id='word_1_138' title='bbox 752 1860 762 1890; x_wconf 92' lang='grc'><strong><em>,</em></strong></span> <span class='ocrx_word' id='word_1_139' title='bbox 793 1811 845 1876; x_wconf 84' lang='grc' dir='ltr'><strong><em>καί</em></strong></span> <span class='ocrx_word' id='word_1_140' title='bbox 861 1807 997 1896; x_wconf 85' lang='grc' dir='ltr'><strong><em>ε’ίργυρον</em></strong></span> <span class='ocrx_word' id='word_1_141' title='bbox 1011 1811 1062 1876; x_wconf 86' lang='grc' dir='ltr'><strong><em>καί</em></strong></span> <span class='ocrx_word' id='word_1_142' title='bbox 1079 1809 1179 1874; x_wconf 87' lang='grc' dir='ltr'><strong><em>πίπλα</em></strong></span> 
     </span>
     <span class='ocr_line' id='line_1_16' title="bbox 44 1910 1177 2004; baseline -0.005 -22"><span class='ocrx_word' id='word_1_143' title='bbox 44 1913 259 1982; x_wconf 73' lang='grc' dir='ltr'><strong><em>λΞπσντοδιιπὰ</em></strong></span> <span class='ocrx_word' id='word_1_144' title='bbox 274 1920 318 2003; x_wconf 75' lang='grc' dir='ltr'><strong><em>τῷ</em></strong></span> <span class='ocrx_word' id='word_1_145' title='bbox 332 1918 424 2003; x_wconf 78' lang='grc' dir='ltr'><strong><em>κοινῷ</em></strong></span> <span class='ocrx_word' id='word_1_146' title='bbox 439 1917 567 2004; x_wconf 82' lang='grc' dir='ltr'><strong><em>ταμιείῳ</em></strong></span> <span class='ocrx_word' id='word_1_147' title='bbox 580 1914 850 2000; x_wconf 82' lang='grc' dir='ltr'><strong><em>προσανετίθεντο,</em></strong></span> <span class='ocrx_word' id='word_1_148' title='bbox 879 1916 930 1978; x_wconf 84' lang='grc' dir='ltr'><strong><em>καί</em></strong></span> <span class='ocrx_word' id='word_1_149' title='bbox 942 1910 960 1996; x_wconf 81' lang='grc' dir='ltr'><em>ἦ</em></span> <span class='ocrx_word' id='word_1_150' title='bbox 973 1912 1066 1997; x_wconf 80' lang='grc' dir='ltr'><strong><em>χλιδῆ</em></strong></span> <span class='ocrx_word' id='word_1_151' title='bbox 1082 1913 1177 1997; x_wconf 73' lang='grc' dir='ltr'><strong><em>ἐκείνη</em></strong></span> 
     </span>
     <span class='ocr_line' id='line_1_17' title="bbox 78 2007 1221 2102; baseline -0.003 -20"><span class='ocrx_word' id='word_1_152' title='bbox 78 2017 125 2082; x_wconf 75' lang='grc' dir='ltr'><strong><em>καί</em></strong></span> <span class='ocrx_word' id='word_1_153' title='bbox 145 2012 328 2101; x_wconf 75' lang='grc' dir='ltr'><strong><em>περιφάνεια</em></strong></span> <span class='ocrx_word' id='word_1_154' title='bbox 350 2023 426 2101; x_wconf 81' lang='grc' dir='ltr'><strong><em>μιᾶς</em></strong></span> <span class='ocrx_word' id='word_1_155' title='bbox 448 2014 532 2102; x_wconf 76' lang='grc' dir='ltr'><strong><em>ὥρας</em></strong></span> <span class='ocrx_word' id='word_1_156' title='bbox 553 2017 651 2102; x_wconf 77' lang='grc' dir='ltr'><strong><em>σκηνή</em></strong></span> <span class='ocrx_word' id='word_1_157' title='bbox 675 2020 725 2082; x_wconf 88' lang='grc' dir='ltr'><strong><em>καί</em></strong></span> <span class='ocrx_word' id='word_1_158' title='bbox 742 2017 881 2100; x_wconf 86' lang='grc' dir='ltr'><strong><em>παίγνιον</em></strong></span> <span class='ocrx_word' id='word_1_159' title='bbox 894 2007 945 2099; x_wconf 76' lang='grc' dir='ltr'><strong><em>ἦν.</em></strong></span> <span class='ocrx_word' id='word_1_160' title='bbox 997 2018 1048 2080; x_wconf 86' lang='grc' dir='ltr'><strong><em>καί</em></strong></span> <span class='ocrx_word' id='word_1_161' title='bbox 1066 2021 1178 2097; x_wconf 79' lang='grc' dir='ltr'><strong><em>θαῦμα</em></strong></span> <span class='ocrx_word' id='word_1_162' title='bbox 1197 2025 1221 2078; x_wconf 81' lang='grc' dir='ltr'><strong>λ)</strong></span> 
     </span>
     <span class='ocr_line' id='line_1_18' title="bbox 77 2110 1180 2210; baseline -0.002 -26"><span class='ocrx_word' id='word_1_163' title='bbox 77 2110 190 2202; x_wconf 78' lang='grc' dir='ltr'><strong><em>ἦντοῖς</em></strong></span> <span class='ocrx_word' id='word_1_164' title='bbox 203 2115 318 2205; x_wconf 79' lang='grc' dir='ltr'><strong><em>ὁρῶσιν</em></strong></span> <span class='ocrx_word' id='word_1_165' title='bbox 331 2117 420 2204; x_wconf 73' lang='grc' dir='ltr'><strong><em>ιἰγκος</em></strong></span> <span class='ocrx_word' id='word_1_166' title='bbox 439 2127 590 2197; x_wconf 81' lang='grc' dir='ltr'><strong><em>τοσοῦτος</em></strong></span> <span class='ocrx_word' id='word_1_167' title='bbox 602 2125 724 2210; x_wconf 75' lang='grc' dir='ltr'><strong><em>τρυφῆς</em></strong></span> <span class='ocrx_word' id='word_1_168' title='bbox 740 2121 791 2184; x_wconf 86' lang='grc' dir='ltr'><strong><em>καί</em></strong></span> <span class='ocrx_word' id='word_1_169' title='bbox 812 2119 910 2194; x_wconf 80' lang='grc' dir='ltr'><strong><em>οἰκίας</em></strong></span> <span class='ocrx_word' id='word_1_170' title='bbox 925 2114 1072 2202; x_wconf 85' lang='grc' dir='ltr'><strong><em>τοιαιίτης</em></strong></span> <span class='ocrx_word' id='word_1_171' title='bbox 1087 2122 1180 2203; x_wconf 83' lang='grc' dir='ltr'><strong><em>φιλο-</em></strong></span> 
     </span>
     <span class='ocr_line' id='line_1_19' title="bbox 77 2219 1178 2306; baseline -0.002 -20"><span class='ocrx_word' id='word_1_172' title='bbox 77 2223 182 2302; x_wconf 85' lang='grc' dir='ltr'><strong><em>τιμία,</em></strong></span> <span class='ocrx_word' id='word_1_173' title='bbox 216 2221 299 2306; x_wconf 79' lang='grc' dir='ltr'><strong>μηδ’</strong></span> <span class='ocrx_word' id='word_1_174' title='bbox 321 2222 419 2305; x_wconf 77' lang='grc' dir='ltr'><strong><em>αὐτῆς</em></strong></span> <span class='ocrx_word' id='word_1_175' title='bbox 439 2225 598 2306; x_wconf 73' lang='grc' dir='ltr'><strong><em>βασιλείου</em></strong></span> <span class='ocrx_word' id='word_1_176' title='bbox 621 2222 701 2288; x_wconf 79' lang='grc' dir='ltr'><strong><em>κατὰ</em></strong></span> <span class='ocrx_word' id='word_1_177' title='bbox 723 2219 802 2288; x_wconf 72' lang='grc' dir='ltr'><strong><em>πολε)</em></strong></span> <span class='ocrx_word' id='word_1_178' title='bbox 826 2221 1021 2304; x_wconf 86' lang='grc' dir='ltr'><strong><em>λειπομίνης,</em></strong></span> <span class='ocrx_word' id='word_1_179' title='bbox 1055 2225 1121 2296; x_wconf 79' lang='grc' dir='ltr'><strong>πῶς</strong></span> <span class='ocrx_word' id='word_1_180' title='bbox 1145 2220 1178 2284; x_wconf 74' lang='grc' dir='ltr'><strong><em>ἓν</em></strong></span> 
     </span>
     <span class='ocr_line' id='line_1_20' title="bbox 78 2321 1178 2413; baseline 0 -23"><span class='ocrx_word' id='word_1_181' title='bbox 78 2323 189 2410; x_wconf 75' lang='grc' dir='ltr'><strong><em>ἀκαρεῖ</em></strong></span> <span class='ocrx_word' id='word_1_182' title='bbox 204 2326 246 2401; x_wconf 80' lang='grc' dir='ltr'><strong><em>είς</em></strong></span> <span class='ocrx_word' id='word_1_183' title='bbox 264 2323 302 2392; x_wconf 81' lang='grc' dir='ltr'><strong><em>τὸ</em></strong></span> <span class='ocrx_word' id='word_1_184' title='bbox 318 2327 416 2410; x_wconf 74' lang='grc' dir='ltr'><strong><em>μηδὲν</em></strong></span> <span class='ocrx_word' id='word_1_185' title='bbox 433 2321 619 2411; x_wconf 81' lang='grc' dir='ltr'><strong><em>κατήντησε,</em></strong></span> <span class='ocrx_word' id='word_1_186' title='bbox 647 2327 698 2392; x_wconf 83' lang='grc' dir='ltr'><strong><em>καλ</em></strong></span> <span class='ocrx_word' id='word_1_187' title='bbox 717 2325 755 2391; x_wconf 79' lang='grc' dir='ltr'><strong><em>τὰ</em></strong></span> <span class='ocrx_word' id='word_1_188' title='bbox 778 2323 906 2413; x_wconf 73' lang='grc' dir='ltr'><strong><em>λαμπρὰ</em></strong></span> <span class='ocrx_word' id='word_1_189' title='bbox 922 2325 1018 2391; x_wconf 72' lang='grc' dir='ltr'><strong><em>ἐκεῖνα</em></strong></span> <span class='ocrx_word' id='word_1_190' title='bbox 1038 2324 1089 2389; x_wconf 88' lang='grc' dir='ltr'><strong><em>καί</em></strong></span> <span class='ocrx_word' id='word_1_191' title='bbox 1103 2322 1178 2400; x_wconf 81' lang='grc' dir='ltr'><strong><em>τίιυς</em></strong></span> 
     </span>
    </p>
   </div>
   <div class='ocr_carea' id='block_1_4' title="bbox 74 2572 1256 4370">
    <p class='ocr_par' dir='ltr' id='par_1_4' title="bbox 74 2572 1256 4370">
     <span class='ocr_line' id='line_1_21' title="bbox 79 2572 1179 2645; baseline -0.002 -17"><span class='ocrx_word' id='word_1_192' title='bbox 79 2574 125 2628; x_wconf 82' lang='lat' dir='ltr'><strong>lec</strong></span> <span class='ocrx_word' id='word_1_193' title='bbox 140 2574 203 2629; x_wconf 88' lang='lat' dir='ltr'><strong>solis</strong></span> <span class='ocrx_word' id='word_1_194' title='bbox 219 2574 303 2628; x_wconf 87' lang='lat' dir='ltr'><strong>lumen</strong></span> <span class='ocrx_word' id='word_1_195' title='bbox 319 2573 424 2640; x_wconf 81' lang='lat' dir='ltr'><strong>rideat,</strong></span> <span class='ocrx_word' id='word_1_196' title='bbox 442 2573 534 2628; x_wconf 84' lang='lat' dir='ltr'><strong>deinde</strong></span> <span class='ocrx_word' id='word_1_197' title='bbox 551 2574 596 2645; x_wconf 88' lang='lat' dir='ltr'><strong>qui</strong></span> <span class='ocrx_word' id='word_1_198' title='bbox 615 2573 639 2628; x_wconf 86' lang='lat' dir='ltr'><strong>ei</strong></span> <span class='ocrx_word' id='word_1_199' title='bbox 654 2573 807 2627; x_wconf 87' lang='lat' dir='ltr'><strong>beneficium</strong></span> <span class='ocrx_word' id='word_1_200' title='bbox 822 2572 893 2627; x_wconf 84' lang='lat' dir='ltr'><strong>vitae</strong></span> <span class='ocrx_word' id='word_1_201' title='bbox 909 2581 1031 2628; x_wconf 76' lang='lat' dir='ltr'><strong>accretae</strong></span> <span class='ocrx_word' id='word_1_202' title='bbox 1048 2572 1122 2628; x_wconf 89' lang='lat' dir='ltr'><strong>donia</strong></span> <span class='ocrx_word' id='word_1_203' title='bbox 1138 2575 1179 2628; x_wconf 88' lang='lat' dir='ltr'><strong>ul·</strong></span> 
     </span>
     <span class='ocr_line' id='line_1_22' title="bbox 80 2643 1178 2712; baseline -0.002 -14"><span class='ocrx_word' id='word_1_204' title='bbox 80 2651 117 2698; x_wconf 77' lang='grc' dir='ltr'><strong><em>λετ</em></strong></span> <span class='ocrx_word' id='word_1_205' title='bbox 131 2644 241 2698; x_wconf 78' lang='lat' dir='ltr'><strong>adiectis</strong></span> <span class='ocrx_word' id='word_1_206' title='bbox 258 2643 420 2698; x_wconf 81' lang='lat' dir='ltr'><strong>cumulavit”</strong></span> <span class='ocrx_word' id='word_1_207' title='bbox 453 2644 487 2697; x_wconf 88' lang='lat' dir='ltr'><strong>ad</strong></span> <span class='ocrx_word' id='word_1_208' title='bbox 509 2645 576 2698; x_wconf 90' lang='lat' dir='ltr'><strong>banc</strong></span> <span class='ocrx_word' id='word_1_209' title='bbox 597 2643 822 2712; x_wconf 84' lang='lat' dir='ltr'><strong>inopinatissimnm</strong></span> <span class='ocrx_word' id='word_1_210' title='bbox 845 2643 999 2696; x_wconf 73' lang='lat' dir='ltr'>invectivam</span> <span class='ocrx_word' id='word_1_211' title='bbox 1024 2659 1080 2696; x_wconf 86' lang='lat' dir='ltr'><strong>cum</strong></span> <span class='ocrx_word' id='word_1_212' title='bbox 1104 2644 1178 2696; x_wconf 88' lang='lat' dir='ltr'><strong>ambo</strong></span> 
     </span>
     <span class='ocr_line' id='line_1_23' title="bbox 79 2708 1180 2852; baseline -0.002 -16"><span class='ocrx_word' id='word_1_213' title='bbox 79 2712 226 2836; x_wconf 62' lang='lat' dir='ltr'><strong>iffi</strong></span> <span class='ocrx_word' id='word_1_214' title='bbox 259 2708 1180 2852; x_wconf 59' lang='lat' dir='ltr'><strong>ttttttttittilll5⁸4ultlllgtll2llll⁰l³lt⁹at</strong></span> 
     </span>
     <span class='ocr_line' id='line_1_24' title="bbox 78 2849 1180 2921; baseline 0.001 -19"><span class='ocrx_word' id='word_1_215' title='bbox 78 2853 186 2916; x_wconf 80' lang='lat' dir='ltr'><strong>aiebant,</strong></span> <span class='ocrx_word' id='word_1_216' title='bbox 202 2851 373 2904; x_wconf 68' lang='lat' dir='ltr'><strong>accusationis</strong></span> <span class='ocrx_word' id='word_1_217' title='bbox 390 2857 540 2919; x_wconf 75' lang='lat' dir='ltr'><strong>argumenta</strong></span> <span class='ocrx_word' id='word_1_218' title='bbox 556 2858 709 2921; x_wconf 80' lang='lat' dir='ltr'><strong>poscerent,</strong></span> <span class='ocrx_word' id='word_1_219' title='bbox 724 2851 810 2904; x_wconf 87' lang='lat' dir='ltr'><strong>atatim</strong></span> <span class='ocrx_word' id='word_1_220' title='bbox 828 2851 966 2903; x_wconf 79' lang='lat' dir='ltr'><strong>adfuerunt</strong></span> <span class='ocrx_word' id='word_1_221' title='bbox 981 2849 1025 2918; x_wconf 85' lang='lat' dir='ltr'><strong>qui</strong></span> <span class='ocrx_word' id='word_1_222' title='bbox 1042 2867 1087 2902; x_wconf 91' lang='lat' dir='ltr'><strong>coa</strong></span> <span class='ocrx_word' id='word_1_223' title='bbox 1104 2849 1180 2903; x_wconf 89' lang='lat' dir='ltr'><strong>detu-</strong></span> 
     </span>
     <span class='ocr_line' id='line_1_25' title="bbox 77 2917 1180 2989; baseline -0.001 -16"><span class='ocrx_word' id='word_1_224' title='bbox 77 2917 164 2984; x_wconf 83' lang='lat' dir='ltr'><strong>lerant,</strong></span> <span class='ocrx_word' id='word_1_225' title='bbox 181 2929 211 2973; x_wconf 84' lang='lat' dir='ltr'><strong>et</strong></span> <span class='ocrx_word' id='word_1_226' title='bbox 227 2937 275 2989; x_wconf 87' lang='lat' dir='ltr'><strong>pro</strong></span> <span class='ocrx_word' id='word_1_227' title='bbox 292 2937 339 2974; x_wconf 85' lang='lat' dir='ltr'><strong>sna</strong></span> <span class='ocrx_word' id='word_1_228' title='bbox 356 2919 464 2989; x_wconf 84' lang='lat' dir='ltr'><strong>quisque</strong></span> <span class='ocrx_word' id='word_1_229' title='bbox 488 2920 612 2973; x_wconf 72' lang='lat' dir='ltr'><strong>facultate</strong></span> <span class='ocrx_word' id='word_1_230' title='bbox 627 2938 660 2972; x_wconf 87' lang='lat' dir='ltr'><strong>ac</strong></span> <span class='ocrx_word' id='word_1_231' title='bbox 682 2919 766 2973; x_wconf 87' lang='lat' dir='ltr'><strong>studio</strong></span> <span class='ocrx_word' id='word_1_232' title='bbox 791 2919 943 2972; x_wconf 82' lang='lat' dir='ltr'><strong>convincere</strong></span> <span class='ocrx_word' id='word_1_233' title='bbox 960 2918 1102 2972; x_wconf 76' lang='lat' dir='ltr'><strong>initiantes</strong></span> <span class='ocrx_word' id='word_1_234' title='bbox 1119 2923 1180 2972; x_wconf 89' lang='lat' dir='ltr'><strong>sunt</strong></span> 
     </span>
     <span class='ocr_line' id='line_1_26' title="bbox 78 2987 1182 3059; baseline -0.002 -17"><span class='ocrx_word' id='word_1_235' title='bbox 78 2991 169 3042; x_wconf 84' lang='lat' dir='ltr'><strong>conati.</strong></span> <span class='ocrx_word' id='word_1_236' title='bbox 202 2988 263 3041; x_wconf 89' lang='lat' dir='ltr'><strong>dnm</strong></span> <span class='ocrx_word' id='word_1_237' title='bbox 279 2989 343 3041; x_wconf 82' lang='lat' dir='ltr'><strong>liaeo</strong></span> <span class='ocrx_word' id='word_1_238' title='bbox 359 2997 500 3057; x_wconf 73' lang='lat' dir='ltr'><strong>geruntur,</strong></span> <span class='ocrx_word' id='word_1_239' title='bbox 521 2997 599 3059; x_wconf 89' lang='lat' dir='ltr'><strong>prout</strong></span> <span class='ocrx_word' id='word_1_240' title='bbox 614 2989 680 3041; x_wconf 86' lang='lat' dir='ltr'><strong>solet</strong></span> <span class='ocrx_word' id='word_1_241' title='bbox 696 2988 722 3040; x_wconf 91' lang='lat' dir='ltr'><strong>in</strong></span> <span class='ocrx_word' id='word_1_242' title='bbox 739 2988 848 3053; x_wconf 86' lang='lat' dir='ltr'><strong>talibus,</strong></span> <span class='ocrx_word' id='word_1_243' title='bbox 866 3005 977 3042; x_wconf 87' lang='lat' dir='ltr'><strong>murmur</strong></span> <span class='ocrx_word' id='word_1_244' title='bbox 993 2987 1122 3041; x_wconf 80' lang='lat' dir='ltr'><strong>increbuit</strong></span> <span class='ocrx_word' id='word_1_245' title='bbox 1137 2995 1182 3040; x_wconf 83' lang='lat' dir='ltr'><strong>tu-</strong></span> 
     </span>
     <span class='ocr_line' id='line_1_27' title="bbox 76 3055 1180 3128; baseline 0 -18"><span class='ocrx_word' id='word_1_246' title='bbox 76 3057 219 3110; x_wconf 83' lang='lat' dir='ltr'><strong>multuariis</strong></span> <span class='ocrx_word' id='word_1_247' title='bbox 235 3059 362 3123; x_wconf 72' lang='lat' dir='ltr'><strong>susianis,</strong></span> <span class='ocrx_word' id='word_1_248' title='bbox 388 3074 453 3128; x_wconf 93' lang='lat' dir='ltr'><strong>quos</strong></span> <span class='ocrx_word' id='word_1_249' title='bbox 476 3059 509 3110; x_wconf 87' lang='lat' dir='ltr'><strong>ab</strong></span> <span class='ocrx_word' id='word_1_250' title='bbox 535 3057 586 3111; x_wconf 88' lang='lat' dir='ltr'><strong>ista</strong></span> <span class='ocrx_word' id='word_1_251' title='bbox 609 3058 785 3126; x_wconf 84' lang='lat' dir='ltr'><strong>spectantibus</strong></span> <span class='ocrx_word' id='word_1_252' title='bbox 803 3055 896 3125; x_wconf 84' lang='lat' dir='ltr'><strong>partim</strong></span> <span class='ocrx_word' id='word_1_253' title='bbox 912 3073 989 3110; x_wconf 81' lang='lat' dir='ltr'><strong>verua</strong></span> <span class='ocrx_word' id='word_1_254' title='bbox 1005 3056 1117 3110; x_wconf 84' lang='lat' dir='ltr'><strong>affectae</strong></span> <span class='ocrx_word' id='word_1_255' title='bbox 1134 3075 1180 3109; x_wconf 85' lang='lat' dir='ltr'><strong>ex-</strong></span> 
     </span>
     <span class='ocr_line' id='line_1_28' title="bbox 76 3125 1181 3197; baseline -0.001 -17"><span class='ocrx_word' id='word_1_256' title='bbox 76 3127 203 3196; x_wconf 80' lang='lat' dir='ltr'><strong>primebat</strong></span> <span class='ocrx_word' id='word_1_257' title='bbox 217 3127 316 3180; x_wconf 80' lang='lat' dir='ltr'><strong>iecoris</strong></span> <span class='ocrx_word' id='word_1_258' title='bbox 333 3133 378 3180; x_wconf 89' lang='lat' dir='ltr'><strong>aut</strong></span> <span class='ocrx_word' id='word_1_259' title='bbox 395 3126 446 3180; x_wconf 87' lang='lat' dir='ltr'><strong>odii</strong></span> <span class='ocrx_word' id='word_1_260' title='bbox 462 3127 537 3180; x_wconf 76' lang='lat' dir='ltr'><strong>varie</strong></span> <span class='ocrx_word' id='word_1_261' title='bbox 554 3126 675 3197; x_wconf 72' lang='lat' dir='ltr'><strong>proponti</strong></span> <span class='ocrx_word' id='word_1_262' title='bbox 689 3127 719 3179; x_wconf 85' lang='lat' dir='ltr'><strong>iu</strong></span> <span class='ocrx_word' id='word_1_263' title='bbox 736 3135 899 3179; x_wconf 86' lang='lat' dir='ltr'><strong>accusatores</strong></span> <span class='ocrx_word' id='word_1_264' title='bbox 916 3126 960 3178; x_wconf 83' lang='lat' dir='ltr'><strong>rel</strong></span> <span class='ocrx_word' id='word_1_265' title='bbox 975 3125 1004 3179; x_wconf 89' lang='lat' dir='ltr'><strong>in</strong></span> <span class='ocrx_word' id='word_1_266' title='bbox 1020 3142 1095 3191; x_wconf 86' lang='lat' dir='ltr'><strong>reos,</strong></span> <span class='ocrx_word' id='word_1_267' title='bbox 1118 3141 1181 3196; x_wconf 70' lang='lat' dir='ltr'><strong>pan·</strong></span> 
     </span>
     <span class='ocr_line' id='line_1_29' title="bbox 75 3194 1179 3278; baseline -0.001 -30"><span class='ocrx_word' id='word_1_268' title='bbox 75 3195 122 3248; x_wconf 82' lang='lat' dir='ltr'><strong>u&#39;m</strong></span> <span class='ocrx_word' id='word_1_269' title='bbox 140 3195 278 3248; x_wconf 71' lang='lat' dir='ltr'><strong>artilicbss</strong></span> <span class='ocrx_word' id='word_1_270' title='bbox 294 3195 422 3250; x_wconf 75' lang='lat' dir='ltr'><strong>simulatio</strong></span> <span class='ocrx_word' id='word_1_271' title='bbox 440 3201 468 3248; x_wconf 88' lang='lat' dir='ltr'><strong>et</strong></span> <span class='ocrx_word' id='word_1_272' title='bbox 484 3211 545 3249; x_wconf 89' lang='lat' dir='ltr'><strong>cura</strong></span> <span class='ocrx_word' id='word_1_273' title='bbox 561 3204 716 3278; x_wconf 76' lang='lat' dir='ltr'><strong>quaestuosa</strong></span> <span class='ocrx_word' id='word_1_274' title='bbox 738 3195 784 3248; x_wconf 90' lang='lat' dir='ltr'><strong>bos</strong></span> <span class='ocrx_word' id='word_1_275' title='bbox 810 3200 855 3247; x_wconf 91' lang='lat' dir='ltr'><strong>aut</strong></span> <span class='ocrx_word' id='word_1_276' title='bbox 871 3195 928 3248; x_wconf 92' lang='lat' dir='ltr'><strong>illos</strong></span> <span class='ocrx_word' id='word_1_277' title='bbox 944 3194 1105 3260; x_wconf 85' lang='lat' dir='ltr'><strong>demerendi,</strong></span> <span class='ocrx_word' id='word_1_278' title='bbox 1131 3211 1179 3263; x_wconf 89' lang='lat' dir='ltr'><strong>pro</strong></span> 
     </span>
     <span class='ocr_line' id='line_1_30' title="bbox 74 3263 1256 3334; baseline -0.003 -17"><span class='ocrx_word' id='word_1_279' title='bbox 74 3264 177 3318; x_wconf 85' lang='lat' dir='ltr'><strong>ratione</strong></span> <span class='ocrx_word' id='word_1_280' title='bbox 193 3265 304 3332; x_wconf 78' lang='lat' dir='ltr'><strong>ambitae</strong></span> <span class='ocrx_word' id='word_1_281' title='bbox 320 3265 422 3332; x_wconf 83' lang='lat' dir='ltr'><strong>gratiae</strong></span> <span class='ocrx_word' id='word_1_282' title='bbox 438 3263 480 3317; x_wconf 79' lang='lat' dir='ltr'><strong>vel</strong></span> <span class='ocrx_word' id='word_1_283' title='bbox 503 3265 655 3318; x_wconf 69' lang='lat' dir='ltr'><strong>formidatae</strong></span> <span class='ocrx_word' id='word_1_284' title='bbox 676 3263 826 3319; x_wconf 81' lang='lat' dir='ltr'><strong>offensionis</strong></span> <span class='ocrx_word' id='word_1_285' title='bbox 843 3263 920 3334; x_wconf 79' lang='lat' dir='ltr'><strong>longe</strong></span> <span class='ocrx_word' id='word_1_286' title='bbox 935 3265 1005 3317; x_wconf 84' lang='lat' dir='ltr'><strong>ultra</strong></span> <span class='ocrx_word' id='word_1_287' title='bbox 1020 3281 1122 3317; x_wconf 86' lang='lat' dir='ltr'><strong>acnsum</strong></span> <span class='ocrx_word' id='word_1_288' title='bbox 1139 3263 1181 3315; x_wconf 90' lang='lat' dir='ltr'><strong>in·</strong></span> <span class='ocrx_word' id='word_1_289' title='bbox 1254 3277 1256 3282; x_wconf 81' lang='grc'><strong>’</strong></span> 
     </span>
     <span class='ocr_line' id='line_1_31' title="bbox 75 3331 1181 3404; baseline -0.004 -16"><span class='ocrx_word' id='word_1_290' title='bbox 75 3333 163 3388; x_wconf 73' lang='lat' dir='ltr'><strong>timna</strong></span> <span class='ocrx_word' id='word_1_291' title='bbox 180 3333 207 3386; x_wconf 88' lang='lat' dir='ltr'><strong>iu</strong></span> <span class='ocrx_word' id='word_1_292' title='bbox 223 3333 455 3388; x_wconf 69' lang='lat' dir='ltr'><strong>demonstrationes</strong></span> <span class='ocrx_word' id='word_1_293' title='bbox 473 3331 608 3388; x_wconf 78' lang='lat' dir='ltr'><strong>affectatas</strong></span> <span class='ocrx_word' id='word_1_294' title='bbox 632 3334 731 3404; x_wconf 76' lang='lat' dir='ltr'><strong>egendo</strong></span> <span class='ocrx_word' id='word_1_295' title='bbox 753 3333 893 3387; x_wconf 82' lang='lat' dir='ltr'><strong>dicendove</strong></span> <span class='ocrx_word' id='word_1_296' title='bbox 914 3332 1043 3403; x_wconf 86' lang='lat' dir='ltr'><strong>prodiens.</strong></span> <span class='ocrx_word' id='word_1_297' title='bbox 1078 3331 1181 3386; x_wconf 88' lang='lat' dir='ltr'><strong>tandem</strong></span> 
     </span>
     <span class='ocr_line' id='line_1_32' title="bbox 74 3401 1181 3472; baseline -0.003 -16"><span class='ocrx_word' id='word_1_298' title='bbox 74 3401 214 3472; x_wconf 79' lang='lat' dir='ltr'><strong>inperator</strong></span> <span class='ocrx_word' id='word_1_299' title='bbox 230 3401 301 3455; x_wconf 89' lang='lat' dir='ltr'><strong>misit</strong></span> <span class='ocrx_word' id='word_1_300' title='bbox 317 3403 362 3472; x_wconf 79' lang='lat' dir='ltr'><strong>qni</strong></span> <span class='ocrx_word' id='word_1_301' title='bbox 379 3402 466 3456; x_wconf 85' lang='lat' dir='ltr'><strong>domos</strong></span> <span class='ocrx_word' id='word_1_302' title='bbox 483 3403 615 3472; x_wconf 73' lang='lat' dir='ltr'><strong>utrimque</strong></span> <span class='ocrx_word' id='word_1_303' title='bbox 637 3403 711 3457; x_wconf 89' lang='lat' dir='ltr'><strong>bonis</strong></span> <span class='ocrx_word' id='word_1_304' title='bbox 727 3404 837 3456; x_wconf 77' lang='lat' dir='ltr'><strong>refertae</strong></span> <span class='ocrx_word' id='word_1_305' title='bbox 859 3401 1024 3456; x_wconf 81' lang='lat' dir='ltr'><strong>exhaurirent</strong></span> <span class='ocrx_word' id='word_1_306' title='bbox 1040 3402 1139 3455; x_wconf 88' lang='lat' dir='ltr'><strong>cunctis</strong></span> <span class='ocrx_word' id='word_1_307' title='bbox 1154 3401 1181 3453; x_wconf 87' lang='lat' dir='ltr'><strong>in</strong></span> 
     </span>
     <span class='ocr_line' id='line_1_33' title="bbox 75 3469 1183 3542; baseline -0.002 -18"><span class='ocrx_word' id='word_1_308' title='bbox 75 3471 163 3524; x_wconf 79' lang='lat' dir='ltr'><strong>bacun</strong></span> <span class='ocrx_word' id='word_1_309' title='bbox 180 3469 345 3540; x_wconf 72' lang='lat' dir='ltr'><strong>redigendis,</strong></span> <span class='ocrx_word' id='word_1_310' title='bbox 368 3470 519 3542; x_wconf 83' lang='lat' dir='ltr'><strong>praesertim</strong></span> <span class='ocrx_word' id='word_1_311' title='bbox 539 3480 625 3526; x_wconf 85' lang='lat' dir='ltr'><strong>autem</strong></span> <span class='ocrx_word' id='word_1_312' title='bbox 646 3471 870 3542; x_wconf 73' lang='lat' dir='ltr'><strong>Porphyrogeniti.</strong></span> <span class='ocrx_word' id='word_1_313' title='bbox 902 3470 1013 3542; x_wconf 87' lang='lat' dir='ltr'><strong>ipsorum</strong></span> <span class='ocrx_word' id='word_1_314' title='bbox 1037 3478 1122 3525; x_wconf 87' lang='lat' dir='ltr'><strong>eutem</strong></span> <span class='ocrx_word' id='word_1_315' title='bbox 1143 3471 1183 3522; x_wconf 91' lang='lat' dir='ltr'><strong>al-</strong></span> 
     </span>
     <span class='ocr_line' id='line_1_34' title="bbox 76 3537 1182 3611; baseline -0.003 -18"><span class='ocrx_word' id='word_1_316' title='bbox 76 3545 157 3593; x_wconf 85' lang='lat' dir='ltr'><strong>terurn</strong></span> <span class='ocrx_word' id='word_1_317' title='bbox 174 3539 278 3611; x_wconf 83' lang='lat' dir='ltr'><strong>quidem</strong></span> <span class='ocrx_word' id='word_1_318' title='bbox 296 3539 406 3608; x_wconf 83' lang='lat' dir='ltr'><strong>publicis</strong></span> <span class='ocrx_word' id='word_1_319' title='bbox 423 3539 545 3594; x_wconf 85' lang='lat' dir='ltr'><strong>custodiis</strong></span> <span class='ocrx_word' id='word_1_320' title='bbox 562 3541 685 3607; x_wconf 87' lang='lat' dir='ltr'><strong>tradidit,</strong></span> <span class='ocrx_word' id='word_1_321' title='bbox 712 3542 818 3594; x_wconf 84' lang='lat' dir='ltr'><strong>tratrem</strong></span> <span class='ocrx_word' id='word_1_322' title='bbox 835 3557 897 3594; x_wconf 83' lang='grc' dir='ltr'><strong><em>τοτα</em></strong></span> <span class='ocrx_word' id='word_1_323' title='bbox 914 3557 986 3593; x_wconf 88' lang='lat' dir='ltr'><strong>auum</strong></span> <span class='ocrx_word' id='word_1_324' title='bbox 1004 3557 1054 3593; x_wconf 89' lang='lat' dir='ltr'><strong>uno</strong></span> <span class='ocrx_word' id='word_1_325' title='bbox 1071 3558 1087 3593; x_wconf 89' lang='lat' dir='ltr'><strong>e</strong></span> <span class='ocrx_word' id='word_1_326' title='bbox 1103 3537 1182 3606; x_wconf 73' lang='lat' dir='ltr'><strong>regiis</strong></span> 
     </span>
     <span class='ocr_line' id='line_1_35' title="bbox 76 3607 1182 3680; baseline -0.004 -18"><span class='ocrx_word' id='word_1_327' title='bbox 76 3609 164 3678; x_wconf 84' lang='lat' dir='ltr'><strong>pslstii</strong></span> <span class='ocrx_word' id='word_1_328' title='bbox 181 3608 347 3662; x_wconf 81' lang='lat' dir='ltr'><strong>conclavibus</strong></span> <span class='ocrx_word' id='word_1_329' title='bbox 367 3608 490 3664; x_wconf 86' lang='lat' dir='ltr'><strong>inclusum</strong></span> <span class='ocrx_word' id='word_1_330' title='bbox 513 3625 605 3663; x_wconf 82' lang='lat' dir='ltr'><strong>secure</strong></span> <span class='ocrx_word' id='word_1_331' title='bbox 631 3609 759 3680; x_wconf 87' lang='lat' dir='ltr'><strong>praesidio</strong></span> <span class='ocrx_word' id='word_1_332' title='bbox 776 3615 905 3664; x_wconf 82' lang='lat' dir='ltr'><strong>serratum</strong></span> <span class='ocrx_word' id='word_1_333' title='bbox 923 3608 1042 3662; x_wconf 84' lang='lat' dir='ltr'><strong>detinuit.</strong></span> <span class='ocrx_word' id='word_1_334' title='bbox 1078 3607 1182 3678; x_wconf 91' lang='lat' dir='ltr'><strong>penaio-</strong></span> 
     </span>
     <span class='ocr_line' id='line_1_36' title="bbox 76 3677 1184 3750; baseline -0.002 -20"><span class='ocrx_word' id='word_1_335' title='bbox 76 3693 120 3730; x_wconf 87' lang='lat' dir='ltr'><strong>ses</strong></span> <span class='ocrx_word' id='word_1_336' title='bbox 137 3685 225 3731; x_wconf 84' lang='lat' dir='ltr'><strong>sutem</strong></span> <span class='ocrx_word' id='word_1_337' title='bbox 242 3677 373 3732; x_wconf 68' lang='lat' dir='ltr'><strong>eiusrillas</strong></span> <span class='ocrx_word' id='word_1_338' title='bbox 390 3687 418 3732; x_wconf 88' lang='lat' dir='ltr'><strong>et</strong></span> <span class='ocrx_word' id='word_1_339' title='bbox 433 3695 527 3747; x_wconf 70' lang='lat' dir='ltr'><strong>greges</strong></span> <span class='ocrx_word' id='word_1_340' title='bbox 544 3680 733 3750; x_wconf 85' lang='lat' dir='ltr'><strong>apothecaaque</strong></span> <span class='ocrx_word' id='word_1_341' title='bbox 753 3679 820 3731; x_wconf 87' lang='lat' dir='ltr'><strong>omni</strong></span> <span class='ocrx_word' id='word_1_342' title='bbox 836 3695 932 3748; x_wconf 74' lang='lat' dir='ltr'><strong>genere</strong></span> <span class='ocrx_word' id='word_1_343' title='bbox 949 3677 1118 3746; x_wconf 85' lang='lat' dir='ltr'><strong>pretiosarum</strong></span> <span class='ocrx_word' id='word_1_344' title='bbox 1135 3693 1184 3746; x_wconf 91' lang='lat' dir='ltr'><strong>op-</strong></span> 
     </span>
     <span class='ocr_line' id='line_1_37' title="bbox 77 3744 1184 3819; baseline -0.004 -19"><span class='ocrx_word' id='word_1_345' title='bbox 77 3745 158 3816; x_wconf 84' lang='lat' dir='ltr'><strong>pletus</strong></span> <span class='ocrx_word' id='word_1_346' title='bbox 174 3746 328 3816; x_wconf 81' lang='lat' dir='ltr'><strong>specierum,</strong></span> <span class='ocrx_word' id='word_1_347' title='bbox 348 3764 437 3801; x_wconf 88' lang='lat' dir='ltr'><strong>aurum</strong></span> <span class='ocrx_word' id='word_1_348' title='bbox 454 3755 591 3817; x_wconf 90' lang='lat' dir='ltr'><strong>praeterea</strong></span> <span class='ocrx_word' id='word_1_349' title='bbox 608 3749 702 3819; x_wconf 86' lang='lat' dir='ltr'><strong>partim</strong></span> <span class='ocrx_word' id='word_1_350' title='bbox 719 3748 846 3815; x_wconf 77' lang='lat' dir='ltr'><strong>signatum</strong></span> <span class='ocrx_word' id='word_1_351' title='bbox 863 3746 892 3800; x_wconf 87' lang='lat' dir='ltr'><strong>in</strong></span> <span class='ocrx_word' id='word_1_352' title='bbox 907 3744 1013 3801; x_wconf 81' lang='lat' dir='ltr'><strong>nummis</strong></span> <span class='ocrx_word' id='word_1_353' title='bbox 1030 3746 1125 3817; x_wconf 87' lang='lat' dir='ltr'><strong>partim</strong></span> <span class='ocrx_word' id='word_1_354' title='bbox 1142 3747 1184 3796; x_wconf 85' lang='lat' dir='ltr'><strong>ta-</strong></span> 
     </span>
     <span class='ocr_line' id='line_1_38' title="bbox 79 3809 1184 3892; baseline -0.005 -23"><span class='ocrx_word' id='word_1_355' title='bbox 79 3825 143 3869; x_wconf 73' lang='lat' dir='ltr'><strong>m</strong></span> <span class='ocrx_word' id='word_1_356' title='bbox 160 3815 187 3868; x_wconf 91' lang='lat' dir='ltr'><strong>in</strong></span> <span class='ocrx_word' id='word_1_357' title='bbox 205 3815 278 3869; x_wconf 83' lang='lat' dir='ltr'><strong>rasis</strong></span> <span class='ocrx_word' id='word_1_358' title='bbox 294 3832 327 3868; x_wconf 88' lang='lat' dir='ltr'><strong>ac</strong></span> <span class='ocrx_word' id='word_1_359' title='bbox 351 3816 465 3892; x_wconf 78' lang='grc' dir='ltr'><strong><em>ροοαλίρ,</em></strong></span> <span class='ocrx_word' id='word_1_360' title='bbox 491 3817 607 3870; x_wconf 88' lang='lat' dir='ltr'><strong>similiter</strong></span> <span class='ocrx_word' id='word_1_361' title='bbox 632 3826 659 3870; x_wconf 86' lang='lat' dir='ltr'><strong>at</strong></span> <span class='ocrx_word' id='word_1_362' title='bbox 675 3824 809 3885; x_wconf 77' lang='lat' dir='ltr'><strong>argentum</strong></span> <span class='ocrx_word' id='word_1_363' title='bbox 826 3816 935 3887; x_wconf 79' lang='lat' dir='ltr'><strong>velaque</strong></span> <span class='ocrx_word' id='word_1_364' title='bbox 959 3833 990 3867; x_wconf 90' lang='lat' dir='ltr'><strong>ac</strong></span> <span class='ocrx_word' id='word_1_365' title='bbox 1013 3815 1093 3869; x_wconf 83' lang='lat' dir='ltr'><strong>restis</strong></span> <span class='ocrx_word' id='word_1_366' title='bbox 1117 3809 1184 3866; x_wconf 86' lang='lat' dir='ltr'><strong>rarii</strong></span> 
     </span>
     <span class='ocr_line' id='line_1_39' title="bbox 78 3885 1184 3955; baseline -0.005 -18"><span class='ocrx_word' id='word_1_367' title='bbox 78 3889 162 3937; x_wconf 79' lang='lat' dir='ltr'><strong>textus</strong></span> <span class='ocrx_word' id='word_1_368' title='bbox 178 3900 212 3938; x_wconf 86' lang='lat' dir='ltr'><strong>ac</strong></span> <span class='ocrx_word' id='word_1_369' title='bbox 228 3887 342 3950; x_wconf 83' lang='lat' dir='ltr'><strong>lomna,</strong></span> <span class='ocrx_word' id='word_1_370' title='bbox 366 3885 478 3954; x_wconf 77' lang='lat' dir='ltr'><strong>ingentis</strong></span> <span class='ocrx_word' id='word_1_371' title='bbox 495 3887 587 3955; x_wconf 90' lang='lat' dir='ltr'><strong>pretii,</strong></span> <span class='ocrx_word' id='word_1_372' title='bbox 613 3892 705 3940; x_wconf 85' lang='lat' dir='ltr'><strong>cuncta</strong></span> <span class='ocrx_word' id='word_1_373' title='bbox 727 3885 754 3938; x_wconf 87' lang='lat' dir='ltr'><strong>in</strong></span> <span class='ocrx_word' id='word_1_374' title='bbox 772 3886 897 3939; x_wconf 87' lang='lat' dir='ltr'><strong>aerarium</strong></span> <span class='ocrx_word' id='word_1_375' title='bbox 915 3885 1089 3938; x_wconf 76' lang='lat' dir='ltr'><strong>conteruntur.</strong></span> <span class='ocrx_word' id='word_1_376' title='bbox 1122 3891 1184 3933; x_wconf 87' lang='lat' dir='ltr'><strong>tan-</strong></span> 
     </span>
     <span class='ocr_line' id='line_1_40' title="bbox 78 3949 1185 4024; baseline -0.007 -16"><span class='ocrx_word' id='word_1_377' title='bbox 78 3959 168 4023; x_wconf 76' lang='lat' dir='ltr'><strong>tusque</strong></span> <span class='ocrx_word' id='word_1_378' title='bbox 183 3953 231 4006; x_wconf 89' lang='lat' dir='ltr'><strong>illc</strong></span> <span class='ocrx_word' id='word_1_379' title='bbox 247 3961 388 4023; x_wconf 87' lang='lat' dir='ltr'><strong>apparatus</strong></span> <span class='ocrx_word' id='word_1_380' title='bbox 405 3954 569 4020; x_wconf 84' lang='lat' dir='ltr'><strong>deliciarum,</strong></span> <span class='ocrx_word' id='word_1_381' title='bbox 585 3955 660 4009; x_wconf 86' lang='lat' dir='ltr'><strong>luxua</strong></span> <span class='ocrx_word' id='word_1_382' title='bbox 676 3954 739 4008; x_wconf 90' lang='lat' dir='ltr'><strong>illud</strong></span> <span class='ocrx_word' id='word_1_383' title='bbox 756 3955 822 4024; x_wconf 84' lang='lat' dir='ltr'><strong>regii</strong></span> <span class='ocrx_word' id='word_1_384' title='bbox 838 3954 985 4023; x_wconf 76' lang='lat' dir='ltr'><strong>choragium</strong></span> <span class='ocrx_word' id='word_1_385' title='bbox 1003 3962 1030 4007; x_wconf 89' lang='lat' dir='ltr'><strong>et</strong></span> <span class='ocrx_word' id='word_1_386' title='bbox 1046 3949 1185 4022; x_wconf 79' lang='lat' dir='ltr'><strong>speciosis-</strong></span> 
     </span>
     <span class='ocr_line' id='line_1_41' title="bbox 80 4017 1184 4093; baseline -0.005 -19"><span class='ocrx_word' id='word_1_387' title='bbox 80 4021 154 4075; x_wconf 87' lang='lat' dir='ltr'><strong>simus</strong></span> <span class='ocrx_word' id='word_1_388' title='bbox 175 4031 346 4093; x_wconf 85' lang='lat' dir='ltr'><strong>conspectus,</strong></span> <span class='ocrx_word' id='word_1_389' title='bbox 368 4025 448 4077; x_wconf 89' lang='lat' dir='ltr'><strong>borae</strong></span> <span class='ocrx_word' id='word_1_390' title='bbox 464 4023 539 4078; x_wconf 87' lang='lat' dir='ltr'><strong>unius</strong></span> <span class='ocrx_word' id='word_1_391' title='bbox 555 4042 633 4078; x_wconf 84' lang='lat' dir='ltr'><strong>acerra</strong></span> <span class='ocrx_word' id='word_1_392' title='bbox 648 4025 675 4077; x_wconf 90' lang='lat' dir='ltr'><strong>in</strong></span> <span class='ocrx_word' id='word_1_393' title='bbox 692 4023 829 4078; x_wconf 83' lang='lat' dir='ltr'><strong>ludibrium</strong></span> <span class='ocrx_word' id='word_1_394' title='bbox 847 4023 912 4090; x_wconf 86' lang='lat' dir='ltr'><strong>lult,</strong></span> <span class='ocrx_word' id='word_1_395' title='bbox 929 4039 979 4076; x_wconf 90' lang='lat' dir='ltr'><strong>non</strong></span> <span class='ocrx_word' id='word_1_396' title='bbox 997 4038 1086 4091; x_wconf 84' lang='lat' dir='ltr'><strong>parurn</strong></span> <span class='ocrx_word' id='word_1_397' title='bbox 1103 4017 1184 4071; x_wconf 86' lang='lat' dir='ltr'><strong>admi·</strong></span> 
     </span>
     <span class='ocr_line' id='line_1_42' title="bbox 80 4087 1186 4162; baseline -0.005 -18"><span class='ocrx_word' id='word_1_398' title='bbox 80 4092 191 4144; x_wconf 81' lang='lat' dir='ltr'><strong>nutibus</strong></span> <span class='ocrx_word' id='word_1_399' title='bbox 215 4091 262 4162; x_wconf 86' lang='lat' dir='ltr'><strong>qui</strong></span> <span class='ocrx_word' id='word_1_400' title='bbox 279 4101 432 4157; x_wconf 87' lang='lat' dir='ltr'><strong>cernerent,</strong></span> <span class='ocrx_word' id='word_1_401' title='bbox 454 4099 552 4146; x_wconf 87' lang='lat' dir='ltr'><strong>tantam</strong></span> <span class='ocrx_word' id='word_1_402' title='bbox 570 4094 622 4146; x_wconf 78' lang='lat' dir='ltr'><strong>vini</strong></span> <span class='ocrx_word' id='word_1_403' title='bbox 637 4094 767 4147; x_wconf 84' lang='lat' dir='ltr'><strong>delicatae</strong></span> <span class='ocrx_word' id='word_1_404' title='bbox 784 4089 950 4161; x_wconf 84' lang='lat' dir='ltr'><strong>supellectilis</strong></span> <span class='ocrx_word' id='word_1_405' title='bbox 969 4109 1000 4144; x_wconf 88' lang='lat' dir='ltr'><strong>ec</strong></span> <span class='ocrx_word' id='word_1_406' title='bbox 1024 4087 1186 4158; x_wconf 79' lang='lat' dir='ltr'><strong>voluptariae</strong></span> 
     </span>
     <span class='ocr_line' id='line_1_43' title="bbox 80 4155 1184 4233; baseline -0.007 -18"><span class='ocrx_word' id='word_1_407' title='bbox 80 4160 164 4228; x_wconf 63' lang='lat' dir='ltr'><strong>who</strong></span> <span class='ocrx_word' id='word_1_408' title='bbox 181 4161 301 4214; x_wconf 79' lang='lat' dir='ltr'><strong>nnumin</strong></span> <span class='ocrx_word' id='word_1_409' title='bbox 318 4161 420 4215; x_wconf 91' lang='lat' dir='ltr'><strong>domum</strong></span> <span class='ocrx_word' id='word_1_410' title='bbox 437 4171 671 4232; x_wconf 75' lang='lat' dir='ltr'><strong>conregnantem,</strong></span> <span class='ocrx_word' id='word_1_411' title='bbox 688 4180 756 4233; x_wconf 89' lang='lat' dir='ltr'><strong>quae</strong></span> <span class='ocrx_word' id='word_1_412' title='bbox 773 4169 857 4215; x_wconf 85' lang='lat' dir='ltr'><strong>tamen</strong></span> <span class='ocrx_word' id='word_1_413' title='bbox 874 4161 900 4214; x_wconf 88' lang='lat' dir='ltr'><strong>in</strong></span> <span class='ocrx_word' id='word_1_414' title='bbox 917 4162 965 4212; x_wconf 91' lang='lat' dir='ltr'><strong>boc</strong></span> <span class='ocrx_word' id='word_1_415' title='bbox 982 4156 1122 4226; x_wconf 82' lang='lat' dir='ltr'><strong>regnatrici</strong></span> <span class='ocrx_word' id='word_1_416' title='bbox 1140 4155 1184 4208; x_wconf 80' lang='lat' dir='ltr'><strong>vix</strong></span> 
     </span>
     <span class='ocr_line' id='line_1_44' title="bbox 79 4223 1187 4301; baseline -0.006 -18"><span class='ocrx_word' id='word_1_417' title='bbox 79 4229 197 4292; x_wconf 65' lang='lat' dir='ltr'><strong>caum,</strong></span> <span class='ocrx_word' id='word_1_418' title='bbox 218 4229 321 4298; x_wconf 76' lang='lat' dir='ltr'><strong>congeri</strong></span> <span class='ocrx_word' id='word_1_419' title='bbox 338 4231 470 4301; x_wconf 85' lang='lat' dir='ltr'><strong>potuisse,</strong></span> <span class='ocrx_word' id='word_1_420' title='bbox 493 4239 521 4284; x_wconf 90' lang='lat' dir='ltr'><strong>et</strong></span> <span class='ocrx_word' id='word_1_421' title='bbox 544 4239 596 4286; x_wconf 89' lang='lat' dir='ltr'><strong>tam</strong></span> <span class='ocrx_word' id='word_1_422' title='bbox 614 4237 771 4301; x_wconf 77' lang='lat' dir='ltr'><strong>exaggerato</strong></span> <span class='ocrx_word' id='word_1_423' title='bbox 794 4231 839 4284; x_wconf 82' lang='lat' dir='ltr'><strong>isti</strong></span> <span class='ocrx_word' id='word_1_424' title='bbox 857 4229 956 4283; x_wconf 82' lang='lat' dir='ltr'><strong>cumulo</strong></span> <span class='ocrx_word' id='word_1_425' title='bbox 972 4225 1118 4297; x_wconf 88' lang='lat' dir='ltr'><strong>dissipando</strong></span> <span class='ocrx_word' id='word_1_426' title='bbox 1135 4223 1187 4278; x_wconf 91' lang='lat' dir='ltr'><strong>tol·</strong></span> 
     </span>
     <span class='ocr_line' id='line_1_45' title="bbox 78 4294 1187 4370; baseline 0 -20"><span class='ocrx_word' id='word_1_427' title='bbox 78 4295 151 4350; x_wconf 83' lang='lat' dir='ltr'><strong>lesda</strong></span> <span class='ocrx_word' id='word_1_428' title='bbox 167 4299 329 4367; x_wconf 74' lang='lat' dir='ltr'><strong>exponendo</strong></span> <span class='ocrx_word' id='word_1_429' title='bbox 345 4300 471 4353; x_wconf 87' lang='lat' dir='ltr'><strong>tantulum</strong></span> <span class='ocrx_word' id='word_1_430' title='bbox 488 4302 600 4370; x_wconf 84' lang='lat' dir='ltr'><strong>spatium</strong></span> <span class='ocrx_word' id='word_1_431' title='bbox 616 4301 760 4356; x_wconf 76' lang='lat' dir='ltr'><strong>suffecisse.</strong></span> <span class='ocrx_word' id='word_1_432' title='bbox 793 4301 858 4354; x_wconf 86' lang='lat' dir='ltr'><strong>adeo</strong></span> <span class='ocrx_word' id='word_1_433' title='bbox 874 4297 936 4352; x_wconf 88' lang='lat' dir='ltr'><strong>nibil</strong></span> <span class='ocrx_word' id='word_1_434' title='bbox 955 4295 993 4352; x_wconf 88' lang='lat' dir='ltr'><strong>ita</strong></span> <span class='ocrx_word' id='word_1_435' title='bbox 1014 4294 1187 4369; x_wconf 83' lang='lat' dir='ltr'><strong>splendidum,</strong></span> 
     </span>
    </p>
   </div>
   <div class='ocr_carea' id='block_1_5' title="bbox 117 4375 975 4450">
    <p class='ocr_par' dir='ltr' id='par_1_5' title="bbox 117 4375 975 4450">
     <span class='ocr_line' id='line_1_46' title="bbox 117 4375 975 4450; baseline 0.005 -20"><span class='ocrx_word' id='word_1_436' title='bbox 117 4375 252 4448; x_wconf 69' lang='lat' dir='ltr'><strong>Georgia·</strong></span> <span class='ocrx_word' id='word_1_437' title='bbox 273 4377 445 4450; x_wconf 71' lang='grc' dir='ltr'><strong><em>Ριττλγιιιτοε</em></strong></span> <span class='ocrx_word' id='word_1_438' title='bbox 468 4379 506 4432; x_wconf 86' lang='lat'><strong>11.</strong></span> <span class='ocrx_word' id='word_1_439' title='bbox 938 4375 975 4434; x_wconf 90' lang='lat'><strong>11</strong></span> 
     </span>
    </p>
   </div>
   <div class='ocr_carea' id='block_1_6' title="bbox 0 0 1412 4786">
    <p class='ocr_par' dir='ltr' id='par_1_6' title="bbox 0 0 1412 4786">
     <span class='ocr_line' id='line_1_47' title="bbox 0 0 1412 4786; baseline 0 0"><span class='ocrx_word' id='word_1_440' title='bbox 0 0 1412 4786; x_wconf 95' lang='lat' dir='ltr'><strong> </strong></span> 
     </span>
    </p>
   </div>
  </div>
 </body>
</html>
