2774 4784
388 333 408 386 .'
458 324 609 416 sisu.
661 325 881 398 uorsa-2
1004 403 1012 424 ,
1113 325 1188 399 res

90 492 172 577 qnod
184 492 327 554 nimirum
339 511 379 554 ex
395 513 430 554 sa
444 490 662 574 quamreapuit
676 490 811 554 doctrina
826 501 998 572 sequeretur
1018 489 1114 554 aliud
1128 515 1190 555 ease

89 584 123 644 S.
138 582 274 661 sipia-itm
289 581 480 659 principium
498 581 633 640 activum
648 589 790 656 putrem,
811 577 904 638 aliud
923 577 1057 638 eiusdem
1071 582 1190 658 prinei·

85 669 180 746 pium
200 667 336 724 activum
347 665 471 745 filiam,
491 683 600 724 ranam
622 683 687 722 esse
708 664 893 725 demonstrat
910 664 1047 724 doctrina
1064 665 1190 726 Vescia

89 752 178 812 nobis
201 750 351 810 declarata
372 749 509 830 superias
530 749 610 809 notia
625 747 664 806 ad
679 768 704 809 c.
719 749 842 812 9huius
857 749 944 828 libri,
969 771 1058 829 quam
1073 751 1099 810 is
1113 748 1191 812 haa-

90 845 166 899 sum
192 843 230 894 ex'
256 836 386 913 antiquis
407 834 546 914 patribus
568 832 738 893 distinctius
763 833 942 915 explicatam
966 835 1191 914 abugdunensi

90 921 220 1002 generali
238 919 367 980 concilio
384 929 414 979 et
428 919 573 997 Gregorio
584 921 614 979 X
631 918 775 996 tenebat,
788 919 939 979 affirmans
960 921 1025 981 vim
1044 920 1190 1000 spirandi,

91 1008 156 1068 sive
168 1005 314 1066 rationem
329 1003 471 1085 principii
484 1004 575 1084 actiui
589 1013 731 1084 respectu
743 1005 874 1086 Spiritus
888 1005 1007 1082 Sancti,
1029 1025 1121 1066 unam
1142 1005 1192 1068 ia·
1212 1001 1217 1012 ’

90 1091 281 1154 divisibiliter
294 1099 324 1150 et
339 1091 470 1150 eamdem
483 1090 612 1150 existere
621 1089 653 1148 iu
669 1099 754 1170 patre
767 1101 797 1150 et
810 1089 885 1167 filio,
907 1090 944 1150 ab
954 1091 1008 1152 illo
1018 1088 1092 1150 huic
1105 1111 1193 1152 com·

90 1177 292 1251 municatam,
312 1195 350 1235 ax
369 1195 427 1254 quo
445 1175 531 1236 fieret
551 1183 587 1234 ut
599 1184 689 1255 pater
707 1175 834 1235 et-filius
848 1195 944 1235 unum
962 1184 1062 1237 essent
1073 1176 1192 1256 prioci-

90 1265 176 1345 pium
189 1262 319 1322 activam
337 1261 465 1340 Spiritus
478 1261 595 1334 Sancti,
616 1281 680 1320 non
696 1260 773 1339 duo,
795 1260 874 1320 sieut
885 1270 972 1342 pater
986 1261 1065 1322 filius
1080 1271 1110 1320 et
1122 1261 1191 1342 Spi-

91 1350 170 1408 ritus
184 1349 312 1406 Sanctus
325 1365 388 1406 non
402 1354 464 1405 tres
481 1345 524 1406 dii
537 1344 589 1405 sed
604 1364 684 1406 unus
700 1346 774 1407 deus
789 1355 868 1407 aaut.

169 1453 209 1512 ·p.
225 1431 309 1495 94'V.
327 1437 357 1495 7.
399 1431 484 1489 nihil
494 1431 637 1490 lrabentea
652 1430 738 1511 quod
748 1431 910 1490 obiicerem
922 1441 978 1492 etc.
1019 1440 1130 1492 temere
1143 1432 1192 1492 iu·

92 1517 175 1579 dicat
194 1513 391 1595 Pacbymeres
409 1515 635 1576 archidiaconos
649 1515 727 1576 nihil
740 1516 979 1596 h'sbuissaquod
1000 1526 1191 1599 opponerent

92 1602 238 1664 secundae
261 1600 341 1682 parti
360 1601 506 1661 orationis
528 1600 732 1683 patriarchae,
762 1621 822 1683 qua
847 1603 874 1662 is
902 1602 1104 1664 affirmaverat
1128 1595 1195 1664 non¹

91 1707 179 1770 posse
198 1687 270 1748 illos
292 1686 496 1747 demonstrare
511 1689 716 1746 testimonium
727 1689 917 1746 Damasceni
930 1690 1059 1769 conflari
1076 1691 1191 1769 confir-

93 1775 232 1853 marique
248 1793 283 1831 εκ
304 1773 381 1832 aliie
404 1793 524 1852 quoque
544 1773 783 1831 auctoritatibus
796 1784 936 1852 patrum.
979 1774 1040 1834 hoc
1052 1775 1132 1835 enim
1143 1774 1191 1836 illi

91 1877 156 1918 noa
180 1859 346 1918 omiserunt
366 1858 462 1916 secere
484 1857 636 1936 quianon
657 1867 795 1937 possent,
815 1858 867 1918 sed
886 1858 958 1937 quia
978 1858 1015 1919 de
1036 1859 1097 1920 hoc
1110 1880 1191 1919 nunc
1246 1883 1250 1896 *

92 1963 155 2003 uun
169 1942 327 2021 agebatur,
349 1951 380 2002 et
392 1951 502 2002 statum
516 1943 688 2022 propositae
699 1951 774 2002 tunc
790 1943 827 2002 ad
840 1943 1028 2004 tractandum
1043 1945 1193 2023 quaestio-

92 2029 140 2088 nis
161 2038 276 2089 mamre
292 2028 444 2088 nolebant.
484 2026 537 2086 hio
556 2027 772 2108 nempeoardo
797 2037 862 2087 erat
880 2031 1104 2088 controversias
1122 2030 1190 2088 loco

91 2113 147 2174 illo
161 2135 195 2172 ac
208 2123 343 2194 tempore
361 2112 569 2192 disceptandas
575 2158 585 2189 ,
606 2121 725 2173 rectene
742 2107 852 2172 Veccus
869 2113 1064 2173 conclusisset
1077 2133 1116 2172 ax
1132 2115 1193 2171 Da-

93 2201 223 2260 masceni
239 2200 306 2258 loco
320 2197 468 2278 Spiritum
481 2217 518 2257 ex
532 2207 617 2278 patre
631 2217 686 2278 per
701 2196 796 2258 lilium
811 2197 972 2279 procedere
985 2197 1110 2273 aientis,
1130 2217 1194 2257 uon

94 2304 158 2344 esse
176 2283 341 2344 haereticos
366 2283 504 2358 Latinos,
526 2285 580 2361 qai
599 2283 744 2364 Spiritum
764 2302 803 2342 ex
823 2291 910 2363 patre
929 2291 961 2341 et
979 2277 1042 2343 filio
1059 2282 1194 2343 dicerent

93 2371 266 2450 procedere.
307 2377 344 2428 ut
359 2367 440 2426 bons
461 2387 494 2427 ea
512 2367 696 2428 iudicaretur
709 2367 825 2444 illatio,
845 2365 923 2426 nihil
940 2367 1025 2428 aliud
1038 2368 1196 2448 oportebat

95 2475 183 2534 quam
204 2471 309 2513 verum
331 2462 361 2513 et
379 2451 582 2513 orthodoxum
599 2453 721 2532 agnosci
736 2475 752 2512 a
768 2453 889 2526 Graecis
903 2462 933 2512 et
946 2452 1116 2533 patriarcha
1133 2455 1196 2525 lla-

93 2537 466 2614 mascenitestimoniusn,
488 2546 519 2598 et
538 2537 802 2618 aequipollentiam
823 2540 1078 2618 praepositionum
1092 2547 1195 2618 peret

94 2645 145 2701 ex,
168 2644 258 2704 quam
274 2625 348 2682 adeo
361 2623 408 2682 illi
421 2624 634 2698 admittebant,
654 2633 690 2682 ut
699 2624 789 2696 ‚etiam
804 2623 922 2684 Muzalo
935 2625 1028 2705 paulo
1041 2633 1110 2684 anta
1121 2616 1197 2705 pro·

94 2710 188 2770 fessus
212 2708 252 2770 sit
272 2709 414 2768 audacius
437 2709 581 2768 affirmari
597 2731 655 2788 per
668 2710 779 2788 filium
802 2729 891 2786 quarn
903 2711 1016 2788 exfilio
1030 2711 1196 2790 procedere

93 2795 249 2874 Spiritum.
293 2793 406 2872 alioqui
422 2813 481 2870 qua
495 2793 554 2854 lide
569 2793 674 2855 scribit
688 2793 740 2852 hic
754 2793 953 2874 Pachymeres
965 2794 1194 2854 archidiaconos

94 2879 186 2940 Vecci
212 2879 338 2939 asseclas
357 2898 420 2950 non
440 2878 572 2958 potuisse
597 2878 775 2940 confirmare
793 2879 965 2938 Damasceni
987 2879 1193 2940 testimonium

95 2964 241 3024 consonis
250 2963 478 3024 auctoritatibus
490 2973 608 3043 patrum
621 2964 769 3039 eliorum,
790 2985 858 3024 cam
870 2963 950 3023 idem
961 2963 1020 3024 hoc
1034 2964 1101 3044 ipso
1114 2965 1193 3025 libro

95 3048 232 3129 superius
246 3071 275 3129 p.
289 3053 330 3114 28
343 3069 373 3108 v.
389 3053 427 3113 10
440 3049 576 3110 retulerit
588 3049 721 3110 Veccum
733 3058 905 3111 sanctorum
923 3048 1036 3130 scripta
1051 3050 1193 3110 attentius
1209 3054 1233 3109 P
1249 3055 1300 3113 525

93 3135 293 3215 perlegentem
308 3133 340 3193 in
352 3134 460 3193 horum
474 3135 623 3214 plerisque
635 3135 695 3195 dici
709 3135 880 3195 observasse
893 3137 1035 3195 Sanctum
1046 3135 1199 3217 Spiritum·

95 3240 131 3279 ex
138 3229 231 3299 patre
241 3241 296 3297 per
303 3220 414 3298 filium
422 3217 593 3298 profundi,
614 3218 864 3300 resplendescere,
880 3221 1039 3300 praeberi,
1055 3221 1192 3300 prodire,

89 3301 266 3385 procedere,
294 3303 490 3383 laudaseeque
510 3304 541 3364 in
560 3323 624 3364 eam
644 3307 819 3365 sententiam
839 3307 868 3368 S.
887 3306 1069 3384 Maximum,
1096 3307 1192 3366 Tara-

22 3433 25 3438 s
94 3391 190 3463 sium,
212 3388 418 3467 Athanasium,
435 3390 600 3466 basilium,
623 3401 742 3472 praeter
754 3391 883 3451 Graecos
896 3392 1077 3452 recentiores
1093 3390 1195 3470 magni

93 3474 225 3535 nominis
246 3475 461 3535 Maroniensesn
486 3476 620 3535 Nicetam
646 3486 676 3536 et
697 3476 901 3557 Nicephorum
924 3476 1136 3550 Blemmidam3
1159 3483 1195 3535 ut

95 3561 234 3620 omittam
256 3561 339 3639 quos'
349 3561 461 3620 ibidem
474 3569 637 3640 percenset
644 3562 765 3622 Graecis
780 3581 897 3641 quoque
910 3561 1094 3622 venerabiles
1111 3559 1196 3620 Lati·

94 3667 150 3705 nos
177 3655 295 3726 patres,
319 3645 525 3722 Ambrosium,
547 3645 770 3724 Augustianos,
795 3647 1021 3727 Hieronymum.
1065 3646 1139 3725 quin
1166 3652 1197 3704 et

78 3721 167 3790 ⁴mox
182 3730 242 3790 hoc
256 3731 325 3810 ipso
341 3752 367 3790 c.
382 3753 416 3811 p.
431 3731 471 3795 95
488 3731 566 3790 idern
589 3731 719 3792 affirmat
740 3732 889 3814 prolatum
909 3752 926 3790 a
948 3732 1048 3792 Vecco
1063 3751 1120 3811 pro
1137 3731 1196 3790 do-

95 3825 194 3893 gmate
213 3815 320 3876 codem
338 3815 524 3877 luculentum
543 3819 749 3878 testimonium
771 3817 907 3897 Gregorii
926 3815 1062 3896 Nysseni.
1105 3815 1197 3875 celu-
1295 3841 1301 3856 ·

95 3901 210 3960 mniose
232 3901 325 3980 igitur
346 3909 377 3961 et
400 3902 431 3960 in
457 3903 669 3962 contumeliam
693 3921 797 3964 causae
826 3901 994 3962 catholicae
1016 3899 1199 3960 schismatici
1332 3929 1338 3938 ·

95 3983 155 4045 hoc
170 3985 269 4046 Vecco
281 3995 311 4046 et
325 3986 389 4046 eius
402 3987 490 4046 sociis
504 3988 690 4068 impingunt;
716 3989 769 4068 qni
784 3987 890 4064 utique
907 3985 1070 4066 pote'rsnt,
1092 3984 1117 4045 si
1133 3995 1197 4044 sta·
1213 3981 1214 3984 ’

6 4091 7 4098 “
95 4077 146 4130 tus
161 4069 194 4130 id
209 4072 374 4151 praesentis
388 4074 608 4133 controversiae
622 4083 741 4155 caperet
755 4083 784 4134 et
798 4071 982 4131 catholicum
1007 4071 1113 4150 dogma
1135 4088 1196 4151 pu·-

94 4153 172 4214 blica
187 4156 387 4238 disputatione
398 4159 599 4239 propugnari,
620 4181 683 4219 non
695 4160 859 4239 impactum
871 4157 945 4235 ipsis
959 4156 1067 4218 falsum
1082 4155 1196 4216 crimen

94 4240 398 4320 privatedelensione
410 4243 566 4304 refellisse
580 4252 733 4324 posceret,
756 4250 912 4323 poterant,
933 4243 1073 4322 inquam,
1096 4240 1196 4300 effun-

95 4324 167 4386 dere
185 4337 355 4408 congestam
370 4327 442 4408 ipsis
457 4327 548 4421 longa
558 4328 689 4391 lectione
704 4337 827 4410 pausam
844 4323 1109 4390 chrestomathism
1120 4346 1195 4390 eru·

797 4602 922 4686 s.
