2888 4884
272 305 331 373 DE
355 305 606 376 ANDRONIGO
630 307 915 379 PALAEOLOGO
941 311 978 384 L.
992 311 1035 387 V.
1155 315 1230 388 389

119 503 176 564 χει.
222 473 382 566 Ἀμοόριοι
399 485 502 546 ταῦτα
526 483 578 547 ιιαλ
590 479 739 563 Ἅεμάνες
755 478 874 549 Ἅεΐναί
884 507 918 550 τε
937 476 1154 572 collidendam
1175 489 1227 554 ιιαλ

120 583 305 668 Menullae
330 586 381 648 erni
400 581 638 667 Σαλομπόξιόες
658 586 709 650 καί
726 583 865 662 Ἀλαίδες
879 584 1157 674 αολἈμηραμόναι
1174 593 1227 656 καὶ

119 687 269 769 Λαμίσαι
288 683 468 773 Σφονόόλαι
479 703 515 754 ’τε
528 689 579 754 καί
589 691 746 774 Παγόῖναι
766 692 817 754 ναί
832 694 895 756 πάν
911 687 988 757 ἀλλο
1006 692 1160 780 χείριστον
1174 696 1226 760 ναί

90 811 93 816 “
119 790 284 876 ίιιίρριγτον
299 789 409 874 ὄνομα.
463 790 545 876 nidd
559 794 612 857 καλ
631 791 842 879 προαχθέντες
856 801 926 871 ταῖς
946 790 1077 877 τόλμαις
1090 793 1124 861 ‘lx
1139 822 1223 875 τινος
1238 815 1261 866 Β

87 889 293 962 Ὶ5ἀλλοιιόεοα
312 895 364 959 παλ
382 898 525 960 Πανικοῦ
547 892 748 982 φρονήματος
770 897 858 981 δίκην
877 895 976 983 ποράς
992 895 1101 985 ἀγρίοο
1116 896 1225 966 ἀπελπί-

118 1003 215 1082 γλοννο
233 991 359 1064 πάντων
374 998 426 1063 καί
445 998 647 1082 κατενίμοντο
655 1048 665 1078 ,
693 997 774 1087 αάτῇ
787 999 828 1084 ὃν)
839 997 990 1087 θαλάσσῃ
1006 1003 1057 1066 καί
1071 997 1153 1091 μόνῃ
1167 1009 1225 1070 τοῦ

118 1099 163 1184 μὴ
188 1095 299 1186 πρόσω
319 1101 371 1165 παλ
390 1092 486 1178 aicae
508 1104 686 1188 προβαίνειν
713 1099 892 1189 εἰργόμενοι.
948 1109 1074 1188 βασιλεῖ
1096 1106 1131 1172 δὲ
1151 1104 1225 1173 odet

120 1205 248 1289 διωρίαν
261 1208 381 1289 βουλῆς
392 1213 539 1291 παρεῒχον
553 1201 760 1291 ἀγγελλόμενα
774 1207 814 1273 τό
828 1202 923 1274 deod.
976 1209 1027 1274 καί
1042 1206 1079 1274 τό
1093 1208 1151 1292 μὲν
1161 1208 1223 1297 γάρ

118 1303 336 1373 ἀνθίστασθαι
357 1309 408 1372 καί
426 1305 641 1396 ἀντιπαράγειν
661 1309 784 1386 ἐκείνοις
801 1305 1022 1396 στρατεόματα
1037 1309 1156 1397 ἀπορον
1172 1304 1222 1397 ἦν.

76 1409 153 1479 roei
167 1410 224 1491 μὲν
237 1407 477 1496 γάρῬωμοῒιιολ
497 1409 643 1494 δονόμεις
666 1411 724 1496 οάχ
744 1409 829 1489 ὅπως
851 1413 1057 1498 ίξησθίνοον,
1077 1413 1157 1480 ἀλλά
1172 1417 1224 1482 nol

118 1513 265 1598 προνοίας
277 1509 528 1597 ἀπολωλεκότες,
552 1514 706 1600 ἀνατολὴν
726 1513 889 1602 φεύγοντες
902 1519 950 1582 tal
966 1513 1085 1594 δόσεως
1097 1515 1221 1603 ὥρμων,

116 1612 363 1702 περιποιούμενοι
375 1614 498 1702 ἔᾳοεοΐς
510 1615 608 1703 μόνον
622 1618 659 1686 τό
675 1621 746 1702 ζῆν·
772 1616 897 1706 έτίροος
909 1618 946 1685 d’
968 1621 1158 1706 ἓγιιαθισεᾶν
1172 1623 1219 1687 lul
1236 1627 1260 1681 C

113 1715 223 1807 ’ῥητοῖς
243 1719 367 1805 γίρασιν
386 1718 546 1806 ἀμήχανον
569 1714 616 1805 ἦν.
668 1718 852 1809 θεραπεύειν
871 1722 906 1789 d’
928 1715 1024 1801 αάθις
1047 1721 1224 1810 ἀμολογίαις

115 1822 151 1889 td
168 1823 325 1909 Περσικόν
337 1822 409 1890 οὔτε
423 1824 459 1891 τό
472 1824 588 1911 πρέπον
603 1826 726 1908 ίόίόοο,
752 1829 804 1892 καί
821 1825 923 1902 ἀλλως
937 1825 1054 1914 ἀπορον
1067 1820 1106 1911 ἦν
1120 1824 1222 1895 τόσων

76 1936 109 1991 15
116 1923 215 1993 όντων
231 1929 283 1992 καλ
296 1924 457 2016 διαφόρων
469 1928 526 2005 adr
538 1925 664 2013 γνιόμας
671 1977 682 2010 ,
710 1929 765 1994 ναί
777 1927 808 2013 γ’
825 1930 872 1994 lul
895 1923 1047 1996 τοσοῦτον
1064 1926 1223 2016 ἡγεμόνων

114 2029 313 2115 ίγνωσμίνων
332 2042 398 2110 τοῖς
414 2029 519 2108 ἀλλοις
533 2031 587 2117 ἐφ’
605 2030 678 2098 ὅσον
694 2028 850 2098 σκολεόειν
861 2058 894 2098 τε
909 2034 961 2098 καὶ
975 2035 1223 2120 ιιερδαίνειντοῒς

113 2128 370 2220 ἀποτεταγμένος
384 2137 454 2221 ίξῆν
461 2184 472 2217 ,
498 2133 538 2222 ἢν
556 2133 594 2201 ἀί
603 2159 663 2203 πον
677 2137 729 2202 καλ
744 2141 921 2224 καθοφοΐεο
941 2131 1055 2223 ὅάγων
1066 2134 1091 2222 ἢ
1108 2130 1222 2226 ἀώροις

183 2329 379 2406 πειρον.
449 2360 452 2366 =
497 2363 500 2376 .

112 2523 186 2562 omne
201 2511 302 2577 tempu·
316 2507 480 2579 irreparabili
495 2506 627 2562 deaolatee
642 2513 711 2562 aunt
745 2511 866 2562 auctorea
877 2507 967 2562 horum
980 2508 1078 2576 imarii
1093 2514 1122 2563 et
1133 2509 1209 2564 ritmo

111 2593 167 2644 nee,
185 2577 296 2645 Atinae,
312 2578 443 2646 Aliayrae,
458 2577 637 2642 blantacbiae,
653 2577 847 2646 Salampaxidea
864 2587 891 2632 et
908 2577 1011 2632 alaidee
1029 2586 1058 2634 et
1073 2577 1221 2632 Amerama·

61 2663 66 2674 ·
112 2661 160 2700 nae
177 2652 205 2699 et
221 2646 349 2708 Louriane,
366 2647 523 2716 sphondilae
540 2657 678 2718 praeterea
696 2652 723 2700 et
734 2647 874 2716 Pagdinae,
890 2654 1045 2717 caeteraque
1056 2647 1149 2717 Stygia
1166 2646 1219 2706 col-

111 2712 194 2768 lnviea
211 2716 393 2769 execrabiliurn
411 2723 486 2770 erunt
500 2718 637 2770 nominum.
673 2717 699 2770 bi
717 2718 839 2770 ducturae
855 2717 982 2770 furialium
999 2725 1153 2781 turmarum,
1178 2715 1219 2768 di·

111 2783 172 2837 τίοι-λ
190 2783 268 2836 etiem
284 2801 359 2868 quarn
382 2785 458 2854 vulgo
483 2787 524 2838 vel
539 2787 677 2839 ¹barbarum
700 2791 793 2854 pectus
810 2787 882 2856 oepit
897 2785 1023 2868 planeque
1041 2803 1072 2838 ex
1091 2785 1161 2838 Orco
1179 2786 1219 2838 ai·

110 2851 307 2907 diminuare
324 2855 433 2908 audacia
450 2860 478 2907 et
494 2855 605 2922 ierocln,
633 2855 685 2908 ritu
711 2863 790 2907 vento
806 2854 909 2925 inputa
926 2855 1082 2908 vehementia
1098 2853 1220 2918 incendii,

110 2931 203 2976 ennon
220 2923 395 2992 corripiebant
411 2925 642 2993 conaumebantque
658 2923 748 2987 obvia,
774 2925 838 2976 mari
860 2924 914 2978 eolo
935 2941 969 2977 ne
991 2924 1061 2976 ultra
1083 2924 1220 2977 tenderent

110 2991 214 3045 remoti.
248 2993 337 3046 horum
360 3009 423 3045 auae
446 3000 473 3045 et
498 3000 558 3046 eota
580 3010 629 3047 nec
649 2997 773 3046 momento
790 2994 950 3046 ceaauntibua
972 2993 1152 3062 imperatorem
1169 2991 1219 3044 cb·

110 3060 213 3113 ruentia
228 3061 324 3114 nuntiis
337 3079 371 3114 ne
387 3062 468 3115 breve
485 3063 586 3131 quidem
604 3061 714 3131 epatium
738 3061 762 3113 ei
780 3061 813 3114 ad
831 3058 1021 3116 consultandum
1039 3061 1219 3130 relinquebant

109 3127 228 3182 liberum.
260 3139 341 3200 atque
360 3130 421 3184 buic
443 3132 545 3200 quidem
569 3130 679 3183 exeundi
704 3131 805 3183 obviam
829 3131 947 3185 barbaria
970 3131 1167 3200 opponendique
1183 3129 1217 3182 iia

108 3196 192 3250 lnatoa
209 3200 335 3253 exercituo
357 3199 427 3254 nulla
444 3217 549 3270 protana
571 3201 683 3253 fucrrltar
700 3201 800 3253 aderat.
835 3217 893 3253 nam
911 3201 1041 3254 Romanae
1057 3199 1149 3269 copiae
1166 3215 1216 3251 nou

108 3265 260 3320 debilitatae
276 3275 375 3322 tautum
394 3275 484 3334 eraut,
508 3269 554 3322 sed
571 3270 670 3324 fractae
687 3287 720 3322 ac
737 3269 837 3322 deletae
854 3268 983 3334 funditur,
1006 3269 1106 3322 amieria
1121 3275 1150 3321 et
1169 3269 1216 3320 do·

107 3336 196 3389 nribna
209 3343 237 3389 et
251 3337 394 3407 stipendiis.
429 3338 520 3408 itaque
536 3356 568 3392 ex
585 3338 694 3392 Oriente
709 3337 847 3407 fugientes,
865 3337 959 3407 paaalm
977 3338 1107 3391 ordinibua
1124 3336 1217 3392 uoluti!

108 3422 157 3476 pro
173 3422 204 3458 ae
219 3406 329 3476 qaiaqna
345 3406 372 3460 iu
389 3407 555 3461 Occidentem
571 3409 760 3478 properabant,
779 3407 804 3460 in
823 3409 894 3462 lucro
911 3413 1034 3477 pcuentea
1050 3406 1118 3490 quod
1135 3406 1216 3459 solnm

107 3473 243 3540 viverent,
262 3480 290 3528 et
306 3493 354 3546 pro
370 3475 464 3530 minero
481 3475 574 3547 apiritn
590 3477 715 3544 trahendo
732 3476 797 3530 nibil
812 3476 906 3546 paciaci
922 3483 1066 3530 renuentum
1083 3472 1216 3530 ceruitntia

107 3559 140 3598 ac
155 3543 299 3598 dedecoris.
332 3561 413 3599 novoe
430 3546 525 3598 babere
548 3545 663 3600 delectui
687 3545 858 3616 praemiisque
881 3545 1013 3617 promiscii
1030 3544 1096 3597 aliua
1111 3543 1215 3596 allicere

107 3614 155 3666 aab
172 3613 248 3682 aigne
264 3611 359 3667 militen
375 3630 482 3684 protana
497 3631 578 3683 cupre
593 3614 751 3678 viruerat,
768 3632 824 3667 cum
843 3631 891 3668 uec
907 3622 968 3684 apta
984 3613 1091 3668 militiae
1108 3612 1141 3665 ad
1159 3629 1214 3664 ma·

107 3697 166 3736 nnm
183 3682 302 3736 iuvantur
326 3683 428 3738 adforet
451 3692 480 3737 et
496 3682 590 3737 aerarii
614 3683 835 3754 palamexbauati
852 3683 1004 3736 concidisset
1019 3682 1093 3737 tideo.
1127 3684 1214 3734 reata-

106 3750 154 3803 bat
178 3758 209 3804 nt
229 3750 270 3804 val
293 3759 322 3805 tn
355 3753 430 3806 icet
453 3753 575 3808 damnose
597 3769 648 3822 pax
671 3752 798 3807 adolando
813 3751 965 3806 inducendis
988 3751 1021 3805 ad
1038 3766 1168 3804 οιεεαιοιιι
1185 3747 1213 3801 λα

106 3818 266 3874 conditionea
281 3823 356 3874 noba
372 3823 520 3890 probroaaa,
536 3821 601 3890 ipaia
617 3822 726 3891 amplae,
742 3821 831 3876 Peraia
846 3823 1080 3892 quomodocumque
1096 3824 1212 3872 tantare-

106 3894 158 3944 tur.
193 3889 227 3943 ad
249 3889 277 3941 id
300 3891 432 3944 concilium
456 3898 637 3962 praeterquam
653 3891 754 3962 imperii
770 3893 851 3944 bonor
868 3897 895 3944 et
911 3889 1020 3944 Romani
1034 3887 1141 3944 nominia
1157 3885 1214 3939 exi-

106 3957 219 4012 stimatio
235 3959 359 4014 beataum
374 3965 427 4014 tam
445 3965 555 4030 augusta
571 3962 726 4031 reapuebat,
741 3959 818 4014 etiem
834 3965 1039 4031 quantocumque
1056 3963 1149 4010 conatu
1166 3971 1213 4008 ca-

105 4035 270 4096 pesseretur,
286 4045 408 4083 aucceaeu
425 4030 501 4099 plene
517 4029 655 4084 cariturum
671 4033 756 4101 palam
772 4037 845 4096 erat,
871 4029 990 4100 quondam
1014 4033 1041 4079 et
1062 4031 1104 4078 tot
1125 4031 1214 4076 cuent

104 4099 209 4165 tamquo
224 4097 429 4171 diacrepautlbna
453 4099 589 4152 cententiia
602 4099 682 4152 ducea
704 4097 749 4152 iuti
763 4100 950 4163 barbarorum,
972 4102 1003 4149 nt
1028 4100 1056 4149 et
1077 4091 1212 4147 univeraoa

104 4165 204 4287 mm
218 4183 271 4222 uua
286 4167 453 4221 conventione
469 4168 742 4238 poaaecompreheutli
764 4184 842 4238 cupra
859 4183 932 4237 apem
947 4169 1033 4230 eaaet,
1049 4171 1077 4217 et
1092 4161 1114 4216 ai
1131 4179 1212 4233 quoa-

120 4289 122 4296 ,
179 4241 279 4290 mann
296 4237 475 4304 denumeratio,
485 4237 548 4290 nibil
566 4253 667 4307 agerem
685 4236 780 4290 militen
794 4235 888 4306 quippe
903 4235 1014 4304 ipsorum
1031 4249 1118 4287 omnen
1133 4247 1212 4304 prae-

106 4301 146 4358 dia
160 4303 290 4362 labianta
306 4305 467 4378 avidiaaimc,
484 4308 518 4362 ab
535 4323 566 4363 eo
583 4305 737 4379 quicumque
752 4322 843 4377 pacem
859 4303 974 4373 sociaret,
990 4303 1025 4359 ad
1041 4301 1106 4358 alica
1122 4316 1139 4357 a
1155 4301 1213 4374 qni-
