2782 4792
16 375 21 384 q
115 347 117 352 ,
206 269 282 344 704
512 267 1005 344 cormeliensium

205 438 336 498 bitorum
346 458 355 512 ;
377 435 477 516 qualia
495 455 578 496 nunc
590 443 822 513 auctoramenta,
843 431 1019 514 gravissimo
1038 434 1224 516 reipublicae
1239 446 1319 498 teur-

205 542 296 603 pore‚
317 523 433 588 remitti
447 543 464 580 a
477 521 525 582 ius
540 520 721 582 habentibus
741 522 780 581 ad
799 522 851 581 illa
864 522 1057 600 conferrique
1070 521 1107 580 nd
1123 523 1251 584 militem
1263 545 1318 583 no-

205 627 278 668 vum
293 607 538 685 conducendum,
561 608 729 668 decrevisse
747 609 958 687 imperatorem
970 607 1064 668 refert
1079 605 1244 668 historicus
1258 609 1317 670 hoc

202 693 287 759 loco,
311 692 424 753 addens
445 702 546 752 tumen
563 705 724 774 exceptum
742 693 836 754 fuisse
849 689 1078 774 poroselltmiv,
1099 694 1182 772 quod
1197 695 1316 756 salvum

200 777 424 858 possidentibus
448 788 592 844 muneret.
644 778 718 858 quid
739 777 824 838 aliud
842 777 982 858 suspicer
1006 799 1093 858 quam
1114 779 1158 838 ita
1177 789 1315 840 vocatam

199 875 316 942 pmtem
332 865 511 943 pensionum
526 864 658 944 praecise
674 863 874 928 necessariam
887 863 927 921 ed
942 864 1055 924 victum
1070 863 1232 940 diurnum3
1254 885 1314 944 quo

199 949 314 1027 privari
340 949 683 1028 pessinuntensium
709 969 772 1008 non
798 948 965 1028 oportebat.
1016 947 1119 1025 1111111,
1147 969 1185 1010 ex
1206 951 1316 1010 Latino

201 1035 296 1108 cella,
318 1053 429 1113 penum
442 1053 503 1094 non
520 1055 589 1094 raro
605 1034 764 1112 significat,
788 1032 968 1114 apothecam
983 1033 1153 1114 quotidiani
1168 1034 1314 1098 alimenti.

201 1119 309 1196 quidni
329 1139 399 1197 ergo
421 1114 637 1200 porosellnrriv
659 1117 834 1179 demensum
847 1119 1034 1196 intelligatur
1048 1118 1156 1198 ruique
1170 1131 1314 1181 auctora·

203 1214 306 1264 torum
318 1226 333 1264 e
350 1206 423 1272 {isco
438 1206 621 1286 descriptum
635 1207 673 1265 ed
688 1205 845 1275 alimente3
860 1214 979 1284 praeter
993 1210 1075 1283 quod
1089 1206 1163 1265 istae
1177 1206 1314 1287 plerum-

204 1311 261 1368 que
279 1291 436 1369 pensiones
451 1291 644 1349 abundabant
657 1291 696 1349 nd
711 1299 886 1351 ornamento
897 1299 929 1349 et
943 1289 1044 1349 miuus
1058 1291 1242 1351 necessarias
1259 1313 1314 1352 en·

202 1396 321 1455 penses.
364 1397 452 1455 saepe
474 1375 532 1454 legi
559 1377 641 1456 apud
664 1375 838 1436 Ciceronem
858 1376 891 1435 in
915 1373 1048 1434 Verrinis
1071 1375 1135 1436 dari
1159 1376 1314 1436 soliturus

203 1461 362 1539 provincia
386 1462 608 1539 magistratibus
634 1461 773 1520 Romanis
794 1461 820 1521 ei
843 1461 989 1538 regendae
1012 1460 1105 1519 missis
1113 1455 1314 1538 fulmentum

205 1550 238 1603 in
263 1547 372 1604 cellam
392 1557 443 1606 out
462 1548 617 1626 pecuniam
639 1547 720 1606 unde
744 1537 776 1606 id
799 1555 947 1622 emerent,
975 1544 1035 1605 ltoo
1059 1555 1122 1620 est,
1146 1549 1312 1628 utopiuor,

96 1631 288 1698 1¹497unde
307 1651 439 1690 mensam
460 1631 517 1690 eibi
540 1641 571 1691 et
588 1631 720 1691 larrsiliae
742 1632 947 1710 quotidianam
962 1631 1158 1696 instruerent.
1187 1635 1313 1712 pensio·

203 1735 278 1775 num
291 1715 383 1792 igitur
400 1717 546 1777 fiscalium
561 1717 710 1796 quidquid
727 1717 836 1798 cuique
861 1717 1029 1776 abundaret
1045 1736 1134 1796 supra
1151 1737 1235 1780 mere
1254 1739 1312 1780 ne-

203 1801 360 1861 cessariam
375 1804 454 1863 vitae
469 1803 641 1862 tolerandae
658 1823 823 1880 annonam,
846 1803 979 1862 conferri
995 1802 1034 1860 ad
1046 1803 1181 1862 delectus
1194 1801 1311 1864 habeu-

201 1888 257 1948 dos
273 1886 404 1965 iussum,
429 1889 492 1949 sola
503 1885 600 1948 victui
623 1889 798 1969 quotidiano
811 1889 855 1948 sic
871 1897 1095 1950 auctoratorum
1110 1897 1199 1967 parte
1212 1891 1312 1950 suffe-

200 1983 285 2032 ctura
303 1974 417 2052 relicta,
440 1965 527 2054 quam
540 1973 591 2034 hic
604 1969 817 2055 poronettsudv
832 1973 894 2034 dici
908 1984 1069 2056 autumem.
1103 1974 1198 2053 -quod
1218 1975 1311 2036 sicui

199 2057 283 2119 haud
302 2060 418 2139 placet,
446 2061 530 2120 aliud
544 2071 694 2140 suggeret

285 2149 329 2206 M
332 2139 449 2228 ocyosi
459 2149 494 2209 le
505 2170 541 2210 os
557 2166 586 2226 p.
598 2151 662 2212 620
676 2165 703 2205 v.
723 2151 763 2212 17
784 2155 815 2206 et
827 2165 857 2226 p.
871 2147 934 2212 637
948 2163 978 2205 a.
995 2147 1044 2210 10.
1082 2163 1157 2222 quos
1169 2142 1310 2224 plerique

195 2231 373 2290 Latinorum
394 2233 557 2306 thrici-os,
589 2232 695 2292 Graeci
709 2231 820 2310 passim
837 2241 867 2291 et
883 2231 993 2291 Arabes
1013 2232 1162 2304 listerus,
1189 2227 1310 2309 Pachy-

194 2331 291 2376 rneres
310 2316 461 2375 Tocharoe
475 2317 628 2397 (Plinium
647 2326 787 2395 secutus,
816 2316 902 2394 quil.
916 2320 936 2379 6
951 2335 977 2376 c.
994 2320 1033 2379 17
1053 2315 1133 2373 inter
1149 2313 1308 2394 Scythicas

194 2414 297 2480 gentes
311 2403 422 2462 diserte
439 2401 590 2461 'suelrsros
608 2411 758 2478 recenset;
782 2423 843 2460 iton
867 2401 956 2480 longe
971 2400 1133 2460 abludente
1148 2401 1306 2474 Strabone,

195 2490 250 2566 qui
271 2487 348 2546 libro
365 2492 400 2552 11
420 2489 538 2548 eosdem
559 2487 710 2547 'l'ncharos
733 2481 895 2568 appdlst),
923 2507 974 2546 eos
996 2486 1114 2546 dixerat
1137 2487 1196 2544 iam
1214 2483 1307 2546 vell

194 2573 280 2632 idern'
303 2571 467 2632 historicus
486 2583 612 2648 noster,
636 2595 668 2653 p.
689 2573 752 2638 841
775 2591 807 2635 ν.
830 2571 888 2650 15,
914 2574 1081 2651 sese'ipsus
1103 2574 1307 2631 1011111111-

193 2659 298 2739 guls'os
323 2659 524 2719 consuevisse.
568 2659 762 2737 Megalenses
788 2668 961 2718 constanter
982 2658 1114 2737 appellat
1142 2657 1306 2734 Gregorius

195 2744 438 2824 Abnlpharagius
453 2745 485 2804 in
501 2743 727 2804 accuratissimo
739 2743 888 2804 Chronico
898 2743 1016 2802 arabice
1027 2743 1143 2820 scripto
1160 2744 1218 2801 sub
1228 2743 1306 2804 idem

194 2840 332 2912 tempus,
356 2839 481 2890 autnon
497 2831 594 2890 multo
615 2831 754 2911 superius
774 2849 863 2908 quam
877 2849 961 2889 suern
984 2828 1064 2888 hanc
1076 2826 1236 2888 historiam
1252 2831 1306 2888 Pr.

195 2915 351 2996 chymeres
367 2925 639 2976 commemoretur.-
658 2916 731 2995 quin
746 2925 776 2974 et
790 2917 929 2995 Aytonus
943 2913 1075 2974 eiusdem
1092 2914 1159 2971 sevi
1174 2916 1305 2993 scriptor

196 3022 223 3060 c.
241 3008 280 3068 16
296 3002 445 3063 Historiae
457 3021 527 3062 suae
544 3001 717 3076 Orientalis,
740 3017 817 3080 quae
830 3002 934 3060 Latine
946 3008 1039 3076 extat,
1060 2997 1168 3078 Magn·
1184 3001 1304 3058 eosdem

194 3088 345 3164 vocitatos
370 3097 525 3147 memorat.
568 3087 650 3166 quod
671 3106 783 3147 nomen
811 3087 1010 3147 Leunclavius
1038 3083 1155 3144 indicat
1180 3083 1305 3165 proprie

195 3167 364 3250 designasse
380 3173 495 3251 aliquot
514 3173 679 3250 singulares
698 3172 829 3254 populos
850 3168 974 3256 (septem
996 3169 1033 3229 ab
1052 3173 1174 3249 Aytono
1197 3189 1305 3230 nume-

192 3258 313 3334 rantur)
338 3259 490 3318 communi
511 3258 696 3318 Tocharicae
717 3267 768 3334 aut
792 3259 947 3316 Tataricae
975 3255 1072 3334 gentis
1101 3255 1304 3334 appellatione

193 3345 340 3420 censitos,
363 3344 403 3402 ita
418 3353 451 3402 ut
464 3345 607 3404 adiuncto
624 3343 754 3424 quodem
770 3343 896 3403 interae
910 3342 1169 3414 discernerentur,
1191 3360 1305 3420 quern-

192 3429 356 3490 admodum
377 3430 408 3488 in
428 3428 537 3489 Gothis
556 3428 746 3508 Ostrogothis
768 3428 930 3508 Visigothis
943 3427 1008 3486 lieri
1033 3426 1179 3486 videmus.
1223 3447 1304 3498 nani,

189 3515 264 3575 utis
279 3516 412 3595 scriptor
427 3515 478 3594 sit,
502 3515 644 3594 Sumuglr'
656 3515 833 3574 dicebantur
845 3515 967 3573 accolae
981 3511 1083 3572 'fateri
1096 3511 1212 3587 11111111,Ι
1226 3530 1303 3592 quae

189 3607 252 3662 iox
273 3601 409 3679 ipsorum
429 3601 534 3678 lingua
554 3603 716 3679 Megalius
740 3603 903 3680 aquaticos
924 3597 1089 3676 significem
1127 3617 1164 3658 ac
1184 3597 1230 3656 sic
1250 3596 1300 3654 elii

188 3686 253 3746 aliis
270 3686 448 3746 differentiis
463 3687 501 3745 ad
517 3688 656 3746 notitiam
672 3686 903 3763 insignibantur.
946 3684 1035 3745 huius
1057 3703 1149 3760 porro
1166 3681 1300 3762 peculia-

187 3772 231 3833 ris
250 3773 362 3850 speciei
383 3770 608 3848 Tocharorum,
637 3792 714 3852 quae
736 3773 941 3851 Muguliorum
962 3769 1114 3831 uocabulo
1132 3769 1300 3847 'generalem

191 3856 375 3917 Tocharicae
408 3867 459 3916 aut
488 3857 642 3924 Tetarieee
675 3857 772 3940 gentis
797 3857 1068 3916 nomenclationem
1095 3853 1299 3928 contrahebat,

187 3944 347 4024 proprium
370 3944 429 4002 fuit
451 3943 529 4003 illud
552 3944 713 4022 imperium
736 3943 821 4022 quoii
842 3943 879 4002 ab
899 3963 977 4002 anno
1002 3940 1114 4001 Christi
1137 3944 1222 4005 1202
1244 3958 1299 4018 per

189 4039 309 4100 centum
326 4039 355 4088 et
373 4029 453 4107 quod
466 4031 602 4090 excurrit
614 4049 710 4090 annos
724 4029 785 4090 lete
798 4047 853 4109 per
868 4028 968 4088 Asiam
988 4041 1018 4086 et
1041 4035 1158 4106 partem
1170 4027 1300 4104 Septen·-

186 4113 326 4172 trlonulit
342 4115 606 4194 Eur-opoenjsegnis
620 4114 818 4176 victoriarum
832 4116 1016 4174 successibus
1027 4109 1187 4186 1111111111
1210 4109 1298 4170 cuius
1371 4105 1377 4126 ¹

187 4198 256 4272 quie
267 4219 357 4277 saepe
372 4212 473 4261 noster
486 4201 633 4275 meminit,
655 4201 748 4276 breve
764 4201 918 4281 specimen
933 4201 1107 4260 uaniora?
1124 4197 1145 4256 l.
1160 4195 1300 4259 3hsrurn

65 4335 69 4348 ,
187 4281 450 4346 Obsermtlonmu.
483 4285 889 4368 *Gingiachtnesritlelicem
911 4295 1018 4350 eluctor
1031 4283 1094 4346 eiua
1106 4283 1238 4366 impmii
1261 4299 1300 4370 ᾳ

85 4553 273 4770 [a

172 4745 273 4770 7—A
