2782 4792
196 283 272 358 686
497 275 738 350 OBSERVAT.
762 273 1001 346 reuertere.

196 463 257 514 tur.
300 448 423 510 meanini
437 453 467 509 et
482 446 594 509 alicubi
607 445 705 527 legere
716 437 886 530 δεξαμνήν
900 452 1052 508 sonatan
1092 445 1193 508 Latini
1202 448 1306 528 pisci·

195 557 270 599 mm
280 535 475 701 iiiiiiaiiip
484 641 510 693 ς.
552 616 613 678 hoc
625 617 750 680 verbum
763 617 862 700 priori
873 573 892 676 a
904 635 958 677 me
970 616 1125 678 Glossario
1140 625 1306 678 mutantur

194 725 332 789 repono,
353 725 392 766 ne
416 706 558 765 lectorem
579 703 694 765 lateant
715 723 791 785 quse
815 702 957 764 Claudius
976 703 1132 763 Mutunus
1145 704 1211 763 illio
1225 723 1244 762 a
1257 721 1307 765 me
1340 761 1348 778 ,

196 793 309 874 scripta
334 792 435 870 legens
458 790 495 850 de
516 810 572 849 suo
595 791 727 850 comullt
745 789 785 851 sd
804 809 870 850 rem
883 789 969 850 illam
981 789 1209 865 illustrandam,
1230 807 1306 850 suro

196 889 305 940 contra
321 897 382 936 non
402 895 481 938 esra.
525 877 545 910 “
560 875 682 943 'I'exes'ra
704 873 842 959 (iuquit)
865 876 1023 934 Lusitanus
1042 876 1074 934 in
1090 875 1217 936 historia
1233 877 1306 934 Per.

196 966 269 1025 sidis
291 963 312 1024 l.
330 968 346 1027 1
369 983 397 1022 c.
411 961 454 1026 85
475 959 611 1021 meminit
624 961 701 1040 regis
716 963 873 1022 cuiusdam
888 962 997 1022 roms
1007 956 1179 1020 'maimo
1194 959 1306 1022 vocati.

198 1051 225 1110 is
249 1047 394 1108 ninsirum
416 1056 461 1124 est
479 1045 625 1106 Chosroee
639 1049 852 1106 Anosurunus
863 1047 912 1106 tui
925 1046 1081 1125 symeonis
1094 1045 1177 1109 Seth.
1220 1045 1308 1106 addit

124 1179 125 1184 η
198 1134 325 1194 Texeira
345 1133 411 1193 eius
435 1133 514 1211 regis
532 1141 668 1212 tempore
690 1133 806 1193 delatos
829 1151 867 1192 ex
886 1131 974 1194 India
991 1133 1024 1190 in
1045 1131 1198 1192 Persidem
1212 1131 1307 1191 libroa

199 1221 276 1280 duos
304 1215 547 1298 philosophicos,
577 1237 707 1297 quorum
738 1219 790 1278 uni
817 1237 927 1278 nornen
958 1217 1017 1276 suit
1048 1217 1197 1292 Celilale,
1219 1214 1308 1276 alteri

202 1302 416 1366 Vuademona.
458 1323 554 1362 unum
577 1303 720 1364 nimirum
739 1303 851 1364 librum
873 1301 977 1363 divisit
995 1304 1028 1362 in
1049 1304 1141 1378 duca,
1163 1322 1221 1382 pro
1248 1302 1307 1362 du-

220 1391 273 1450 lici
304 1389 426 1448 nomine
460 1388 592 1449 duorum
623 1389 900 1470 interloquutorum
932 1388 1047 1469 primae
1077 1386 1308 1448 dissertationis.

197 1413 265 1540 Ebu
288 1474 400 1532 cels'lub
420 1474 502 1555 sputl
520 1473 728 1534 Sebindlerum
751 1495 783 1554 p.
798 1479 858 1539 861
880 1473 1030 1553 signifieat
1046 1474 1165 1533 arabice
1182 1493 1306 1548 corono,

199 1563 232 1622 in
246 1577 321 1622 voce
333 1557 529 1626 vuodemone
542 1559 674 1640 primum
690 1579 712 1620 v
726 1560 902 1620 coniunctio
918 1569 963 1620 est
976 1575 998 1620 a.
1041 1559 1176 1620 eaeuuda
1192 1558 1307 1639 syllaba

199 1667 241 1705 vo
255 1655 299 1704 eet
312 1645 438 1704 verbum
460 1660 500 1705 ea
519 1665 576 1724 va,
598 1647 768 1725 ingressus,
790 1645 839 1704 vel
852 1645 924 1724 quisi
937 1665 974 1704 ex
988 1665 1023 1705 eo
1036 1645 1217 1706 derivatum.
1259 1663 1308 1705 rc·

199 1733 300 1810 liquse
315 1739 376 1790 tres
391 1731 524 1811 syllabae
540 1729 672 1790 demone
686 1731 831 1791 videntur
842 1749 906 1790 esse
921 1751 938 1789 a
951 1745 1011 1816 epp
1026 1729 1122 1790 dama
1130 1775 1139 1808 ,
1161 1730 1308 1789 Mamu-

198 1820 262 1892 os't,
283 1816 364 1876 uode
384 1835 454 1876 curn
475 1817 619 1876 adiuncto
640 1831 655 1876 a
680 1817 757 1876 Nun
774 1817 961 1876 beemmstico
979 1835 1090 1876 nomen
1104 1817 1255 1876 formatur
1268 1816 1307 1875 si-

199 1902 345 1982 gnificans
358 1901 580 1961 observatorem
591 1921 772 1982 gressuum,
795 1897 957 1983 ἱχνηλᾶτην
968 1901 1112 1962 videlieet
1123 1921 1159 1962 ae
1174 1905 1308 1982 vestigo·

123 1999 125 2010 ⁴
184 1999 294 2046 ,torem
315 1995 413 2048 mum.
457 1990 589 2068 Symeon
607 1987 679 2048 Seth
699 1989 742 2048 ait
759 1988 849 2048 initio
871 1986 961 2068 primi
981 1987 1187 2066 Prolegomeni
1212 1987 1309 2047 Cleos-

199 2095 271 2133 roen
287 2072 516 2132 Anaeuronum
531 2075 626 2134 fuisse
638 2075 736 2134 filium
750 2071 901 2135 Doridis.
942 2093 1025 2134 meus
1044 2073 1210 2154 Procopius
1227 2093 1307 2133 euu-

197 2159 266 2219 ‹lem
291 2159 395 2220 asserit
421 2157 559 2220 Cobodis
576 2160 681 2219 fllium.
725 2158 816 2220 liceat
843 2157 989 2240 suspicari
1013 2161 1216 2240 exscriptores
1237 2157 1308 2218 libri

196 2245 268 2304 Setb
285 2245 384 2325 Δαβίδ
399 2265 456 2325 pro
472 2243 583 2326 Καβᾶἆ
598 2246 706 2306 vitiose
723 2245 874 2325 posuisse:
900 2264 969 2304 nam
990 2242 1023 2302 in
1039 2243 1247 2304 tota'hiuoria
1260 2263 1308 2304 re·

194 2351 267 2408 gum
283 2331 473 2394 Persicorum
490 2333 588 2390 nullus
607 2332 763 2411 reperitur
775 2328 890 2390 David
900 2329 1007 2391 dictus.
1033 2338 1124 2410 *puto
1142 2330 1234 2389 etism
1258 2331 1308 2390 eoa

195 2435 309 2475 errasse
322 2417 354 2473 in
371 2417 491 2474 nomine
507 2417 631 2476 Peraoea
647 2415 820 2478 traiectione
835 2417 1007 2491 literarum,
1029 2435 1099 2474 cum
1116 2419 1246 2475 Peroees
1258 2435 1309 2476 re-

198 2509 246 2558 cto
263 2499 388 2580 scriptio
402 2501 459 2560 sit:
481 2521 550 2559 nam
565 2501 624 2562 hoc
636 2521 746 2561 nomen
761 2502 859 2562 Persis
872 2501 1015 2562 usitatum
1028 2501 1191 2581 reperitur.
1213 2521 1307 2581 quara

195 2583 409 2664 corrigendum
425 2605 547 2666 quoque
560 2597 637 2668 puto
653 2587 843 2648 Ammianum
863 2586 1069 2648 Marcellinum
1085 2586 1136 2646 lib.
1156 2591 1212 2663 19,
1233 2585 1307 2646 dum
1327 2623 1332 2634 ·

197 2673 326 2730 Pirosen
341 2689 398 2751 pro
414 2673 561 2749 Proser,
583 2681 618 2732 ut
631 2673 757 2752 opinor,
780 2672 896 2733 scs-ibit.
937 2681 1036 2732 totum
1050 2673 1150 2731 locum
1165 2672 1251 2731 itaet
1262 2673 1308 2733 le-
1331 2705 1335 2716 ·

92 2753 183 2827 [³483
200 2775 299 2836 gerens
323 2765 354 2815 et
374 2757 592 2838 interpretarer
614 2779 688 2838 pace
707 2757 875 2818 doctissimi
897 2755 1023 2819 valesii:
1046 2758 1143 2818 Persis
1162 2759 1307 2838 Saporem

197 2852 228 2903 et
242 2841 419 2902 notan-sa
442 2852 473 2903 et
488 2847 619 2904 Peroseu
635 2845 872 2926 appellantibus,
893 2865 1002 2923 regum
1022 2863 1139 2923 regem,
1162 2852 1192 2902 et
1211 2841 1308 2902 dissi-

193 2939 350 3008 patorem,
381 2929 493 3010 supple
513 2929 661 3005 hostium,
691 2943 789 3009 apra
805 2941 919 3012 purete
938 2929 1083 2991 Hebraeo.
1128 2927 1211 2989 unde
1236 2927 1308 2988 Besl

181 3015 338 3093 eperatsim
371 3013 471 3072 dictus
500 3016 583 3075 locus
607 3017 660 3076 ubi
688 3013 798 3075 divisit
824 3015 970 3074 dominus
992 3017 1135 3074 inimicae
1157 3013 1308 3074 Deoida.

196 3099 313 3163 essm.
337 3099 357 3163 5
380 3101 456 3163 20st
500 3101 581 3162 Haec
600 3102 771 3177 Maltretus,
794 3101 902 3179 quibus
921 3101 999 3161 addo
1020 3100 1100 3180 quod
1128 3101 1216 3158 amici
1237 3101 1308 3160 Flo·

195 3183 292 3242 rentia
315 3184 466 3260 scribunt,
487 3207 595 3268 nempe
615 3188 680 3247 illic
694 3189 727 3247 iu
744 3187 935 3247 celeberrime
951 3187 1044 3246 Ducis
1058 3185 1157 3264 liugai
1172 3185 1307 3246 Medicas

196 3267 377 3328 bibliotheca
401 3275 515 3332 servari
537 3274 689 3354 exemplar
712 3274 860 3333 Graecum
874 3271 965 3333 buius
980 3271 1111 3333 eiusdem
1126 3270 1213 3347 libri,
1236 3289 1306 3332 cusu

195 3353 308 3413 indicio
334 3357 493 3436 temporis,
519 3379 579 3437 quo
601 3359 627 3419 is
651 3367 697 3419 est
716 3379 733 3419 e
753 3358 908 3418 barbarica
922 3359 956 3418 in
973 3358 1116 3418 Grsecem
1138 3355 1305 3417 transistus

192 3439 305 3518 lingue.
349 3441 495 3502 asseritur
518 3445 596 3502 enim
617 3445 649 3503 id
674 3446 786 3505 lectum
809 3445 894 3504 iussu
909 3443 1010 3504 alexii
1029 3443 1192 3518 Comneui,
1214 3461 1305 3520 quem

195 3535 315 3584 constat
325 3526 486 3607 imperium
502 3530 654 3590 Orientale
665 3531 796 3592 tenuisse
811 3530 848 3588 ab
863 3547 943 3588 anno
951 3529 1063 3588 Christi
1073 3532 1153 3594 1⁰80
1161 3527 1304 3595 edilib-

193 3627 249 3669 nec
270 3611 412 3672 abhorret
434 3613 471 3672 ab
489 3613 547 3674 bec
568 3615 764 3696 chronologia
790 3624 870 3675 aetas
891 3611 1167 3694 symeonis'Setlri‚
1189 3614 1305 3694 quippe

193 3697 447 3772 quesnillustriss,
461 3699 661 3760 Leo-Allaiius
674 3701 802 3762 diatriba
817 3702 855 3760 de
871 3701 1041 3760 Simeonem
1056 3698 1177 3779 scriptis
1189 3717 1222 3779 p·
1242 3703 1304 3764 181

191 3779 332 3842 floruisse
347 3792 478 3844 testatur
491 3785 737 3866 subimperstore
753 3785 899 3846 blicbsbls
918 3785 1015 3862 Duoa3
1040 3785 1126 3844 cuius
1140 3783 1305 3864 imperium

192 3885 262 3925 cum
281 3867 316 3952 rb
331 3887 411 3928 anno
425 3869 636 3939 Christi-1071
652 3872 787 3939 esl1078
802 3872 999 3953 pertinuerit,
1021 3871 1112 3931 facila
1127 3870 1232 3950 potuit·
1245 3869 1307 3928 sso-

189 3951 286 4012 rentis
298 3943 376 4014 istnc
391 3957 496 4016 aetatis
512 3957 623 4018 Sctltus
638 3959 732 4018 vitam
748 3958 786 4017 ad
803 3957 912 4016 inultos
926 3956 996 4016 inde
1010 3969 1105 4017 anuos
1122 3969 1307 4038 propagasse

191 4045 222 4096 et
238 4049 457 4119 consequenter
470 4042 524 4102 diu
539 4044 650 4103 vixisse
664 4045 718 4104 sub
734 4043 840 4102 Alexio
854 4043 1017 4106 comneno.

211 4143 213 4148 ·
275 4127 956 4208 καβάλλαρικα1τιμαί1141181116.
1000 4126 1062 4206 ugit
1083 4127 1121 4187 <le
1140 4125 1305 4187 combibit!

190 4201 365 4288 blpyrigen'i
382 4212 531 4286 Tentura,
553 4231 683 4294 quorum
707 4216 825 4294 aliquos
846 4213 934 4273 docet
952 4213 990 4272 ab
1004 4215 1186 4293 imperatore
1206 4231 1307 4290 eque*

190 4292 304 4355 utribus
326 4294 418 4358 sulus
436 4297 605 4360 bonoribus
623 4299 756 4362 attacus.
798 4297 954 4381 inlelligit,
982 4301 1109 4383 opinor,
1136 4304 1305 4380 equoeuem
