2782 4792
433 311 512 380 uu.
537 311 564 380 1.
611 297 907 384 epotaturus
1140 313 1216 390 697
1312 343 1313 346 κ

1038 439 1047 466 Ι

104 471 225 558 ,μισμόν
243 477 397 558 privatum
417 476 540 540 lumine*
555 476 847 540 oculorum'rocere
868 477 1042 558 potuerint,
1064 479 1156 558 <qussi
1177 478 1217 550 sel

110 564 325 630 consolandam
338 562 536 626 calamitatem
547 563 679 624 hominis
691 563 830 644 principe
844 583 1059 647 corporeorum
1073 582 1215 636 sensnum

110 648 225 725 orbati,
256 669 316 729 quo
339 669 446 728 genere
468 650 568 710 solatii
588 669 737 710 recreasse
760 667 882 710 coecum
911 649 1072 729 Didymuur
1091 665 1323 727 magnasunt

110 735 184 794 oliui
199 734 349 794 Antonius
362 734 488 814 legitur,
510 755 621 814 negans
635 755 725 814 grave
738 735 785 794 illi
800 753 863 794 esse
876 735 1000 813 debere,
1022 735 1105 814 quod
1119 733 1216 794 desti*

109 827 246 882 tueretur
257 821 458 881 instrumento
472 840 619 900 corporeo
629 820 759 890 ,ridendi
777 821 931 882 communi
946 820 1062 882 homiui
1073 839 1140 880 curn
1157 839 1216 882 cus

111 904 220 966 lioibus
237 914 267 966 et
280 905 392 966 intimis
407 907 607 981 insectorum,
629 925 698 966 cum
716 915 817 968 mente
831 906 945 968 valeret
959 907 1128 968 aemulante
1141 925 1216 986 per-

111 991 263 1070 spicaceup
279 991 741 1068 intelligentiemsimmortaliurn
761 992 927 1064 mentium,
958 993 1131 1072 praesertim
1146 1011 1216 1057 cum

111 1075 331 1154 ingenimiores
351 1087 382 1138 et
401 1077 551 1138 acutiores
576 1078 761 1156 plerumque
782 1077 907 1140 caeteris
935 1076 968 1136 iu
990 1077 1216 1156 operationibus

112 1161 223 1222 urentis
245 1162 313 1232 luce
333 1163 409 1222 cassi
430 1163 587 1228 oculorum
603 1162 791 1241 experientia
812 1161 995 1241 probantum
1016 1163 1098 1232 unda
1111 1172 1142 1222 et
1155 1162 1218 1220 lle-

114 1246 275 1308 mocritum
291 1248 398 1321 aiunt,
419 1267 478 1327 quo
497 1245 758 1327 philosopharetur
771 1248 900 1324 felicius,
922 1248 1006 1307 ultro
1019 1247 1077 1308 sibi
1093 1247 1217 1308 videndi

107 1353 235 1394 :seruum
247 1333 401 1392 ademisse.
443 1333 497 1394 sed
514 1333 587 1392 haec
601 1333 691 1392 nimis
705 1332 895 1394 multaextra
908 1353 972 1392 rem
987 1342 1129 1392 nostram.
1158 1330 1219 1392 hoc
1304 1341 1309 1348 '

114 1417 230 1496 quippe
246 1418 345 1478 solum
357 1417 524 1496 significare
536 1419 638 1478 volui:
659 1439 712 1482 seu
725 1439 787 1478 vox
801 1419 905 1477 Latina
931 1439 1035 1480 coecus
1050 1437 1103 1499 per
1115 1436 1152 1478 oe
1166 1437 1219 1480 seu

115 1521 225 1561 caecnr
237 1523 291 1581 per
303 1523 338 1572 ee
353 1502 519 1579 scribetur,
543 1514 573 1564 et
587 1503 679 1578 cuiue¹
691 1504 859 1564 eudemum
882 1523 1010 1582 cumque
1028 1506 1069 1564 sit
1083 1502 1218 1581 originis,

114 1586 190 1646 mihi
205 1586 304 1648 videri
324 1589 479 1668 probabile
506 1589 669 1648 monachos
690 1590 837 1668 quosdam
865 1589 982 1668 passius
997 1590 1129 1648 celebres
1150 1589 1218 1648 visu
1266 1586 1274 1605 '

113 1671 245 1749 orbatos,
266 1674 626 1755 eConstentinopolitane
642 1675 738 1755 plebe,
761 1695 797 1736 ex
815 1675 967 1754 frequenti
979 1675 1123 1734 convictu
1139 1694 1221 1732 com.

108 1757 284 1839 mercioque
304 1759 482 1820 Latinorum
501 1760 596 1820 multe
618 1761 650 1819 in
670 1781 759 1820 vscissus
778 1761 923 1820 vocabule
943 1760 1075 1839 linguam
1089 1761 1219 1819 transse-

113 1853 200 1906 reute
218 1845 346 1919 καίκους
365 1844 429 1906 sive
451 1846 575 1919 nolnooe
593 1839 746 1924 μοναχούς
766 1845 882 1922 dictos,
910 1845 1002 1924 idq-ue
1013 1846 1139 1923 vulgare
1151 1865 1220 1904 ver.

110 1927 187 1994 ,bum
208 1931 389 2009 expressisse
410 1930 474 1990 vol.
495 1930 509 1990 1
531 1951 561 2010 p.
581 1930 645 1996 489
666 1951 696 1989 v.
717 1935 767 1996 16.
795 1931 1025 2009 Pacbymerern,
1052 1931 1124 1990 licet
1155 1932 1220 1990 eius
1256 1969 1257 1972 η

111 2013 247 2089 libra-ii,
278 2016 417 2076 codicum
443 2035 520 2093 quos
544 2016 678 2076 vidimus
698 2015 916 2095 descriptores,
937 2016 971 2074 in
993 2017 1055 2076 eius
1069 2015 1221 2094 scriptura

111 2098 202 2160 *verbi
223 2099 332 2161 leviter
356 2101 537 2176 erraverint,
568 2096 698 2174 κόκκους
717 2121 772 2180 pro
791 2102 916 2174 reinone
937 2110 990 2160 eut
1006 2103 1129 2173 κοίκους
1142 2102 1221 2158 scri-

115 2183 229 2246 bentes.
271 2185 390 2266 reperio
406 2186 486 2264 apud
500 2184 685 2267 Hesychium
699 2188 823 2260 nullove
838 2181 991 2264 οὐρανούς
1003 2183 1159 2265 Ῥωμαῖοις
1182 2204 1222 2244 au

114 2269 211 2348 magis
224 2269 333 2330 mirum
347 2271 444 2330 coeloe
461 2291 567 2332 vocem
584 2272 725 2352 Latinam,
741 2293 759 2330 a
777 2272 899 2331 Graecis
918 2269 956 2330 ad
969 2270 1050 2330 idem
1064 2269 1145 2348 quod
1160 2270 1224 2328 Ro-

115 2375 204 2416 maue
220 2366 310 2418 sonat
329 2355 562 2436 significandum
584 2365 780 2436 usurpatam,
817 2376 905 2436 quam
928 2362 1036 2419 naiaco
1060 2356 1097 2414 ab
1117 2355 1224 2416 iisdem

115 2439 233 2502 dictum
251 2438 380 2520 wolin,
409 2441 552 2522 quonism
572 2442 616 2504 sic
636 2443 735 2504 Latini
758 2443 892 2502 vocanti
922 2453 952 2502 et
971 2441 1023 2503 hic
1043 2442 1132 2502 etiem
1152 2450 1226 2500 nota

114 2526 245 2588 abusum
268 2527 460 2608 scriptionis,
491 2529 564 2588 dum
585 2533 692 2592 καῖλον
712 2539 871 2606 tamquam
898 2547 937 2588 ex
966 2528 1071 2586 Latino
1105 2527 1226 2584 eaelum

117 2612 231 2680 Graece
247 2613 415 2690 scribitur,
451 2614 533 2692 quod
556 2614 679 2674 omuino
702 2613 793 2674 scribi
813 2614 917 2674 debuit
942 2615 1066 2688 Latine,
1098 2613 1225 2673 coelum.

116 2706 163 2758 est
176 2697 255 2757 enim
278 2699 432 2762 manifeste
453 2719 471 2756 a
485 2700 599 2760 Graeco
615 2705 720 2764 scitor
742 2719 871 2774 cavum5
894 2710 929 2760 nt
939 2702 1038 2762 minus
1050 2707 1081 2756 te
1094 2707 1224 2771 moveat,

116 2783 162 2858 si,
184 2783 268 2861 quod
282 2784 470 2860 monuimus,
491 2785 673 2846 increbuerit
693 2805 765 2846 usus
788 2784 938 2848 scribendi
958 2805 1081 2859 caecus,
1102 2802 1172 2843 cum
1185 2782 1226 2842 sit

116 2869 230 2930 rectius
243 2890 354 2934 coecus.
458 2913 459 2916 η

90 3001 96 3006 -
201 2957 535 3036 κουβουκλείσιος
563 2975 591 3033 ρ.
614 2955 677 3020 480
703 2974 732 3014 v.
755 2956 783 3019 5.
828 2955 889 3032 agit
916 2953 1094 3016 deltonem
1120 2953 1224 3018 habito

117 3040 239 3118 corpori
253 3049 323 3119 post
335 3041 457 3118 longum
472 3047 592 3120 tempus
614 3040 790 3119 incorrupto
805 3048 926 3119 reperto
947 3039 1102 3098 cuiusdam
1114 3059 1224 3104 ,mones-

115 3123 193 3199 ehi,
207 3145 296 3202 quem
309 3127 555 3205 κουβουκλείσιον
579 3125 673 3201 dicit,
702 3123 763 3184 hoc
783 3135 843 3199 eet,
867 3145 903 3184 ex
925 3144 960 3182 co
978 3143 1084 3203 genere
1097 3125 1149 3202 qui
1166 3147 1224 3184 ex-

117 3210 281 3287 quisitioris
299 3211 563 3288 religioniscausa
591 3218 736 3292 perpetuo
757 3210 867 3270 inclusi
899 3211 973 3270 cella
993 3211 1223 3292 permanebaut;

116 3293 253 3374 qualium
267 3316 336 3356 cum
352 3297 393 3356 sit
408 3293 591 3356 ¹creberrima
610 3296 643 3355 iu
657 3295 865 3356 ecclesiasticis
879 3294 1013 3356 historiis
1027 3296 1150 3371 mentio,
1172 3297 1226 3355 lu-

118 3380 262 3440 crisacsre
281 3401 405 3460 operam
435 3403 559 3461 possum
582 3381 807 3442 (lernoustrandi
829 3381 904 3440 tales
925 3382 1061 3442 extitisse
1081 3382 1226 3459 exemplis

119 3485 196 3543 quaa
213 3467 321 3543 possim
338 3478 530 3528 occurrerent
542 3467 727 3545 colligendis.
761 3477 883 3526 tantuin
898 3466 976 3541 dico,
999 3488 1075 3546 quos
1089 3467 1226 3525 inclusos

93 3577 95 3582 v
118 3551 217 3610 Latini
233 3563 360 3628 vocant,
382 3551 433 3610 hic
449 3574 466 3612 a
484 3553 665 3632 Pachyrnere
678 3553 944 3632 κουβουκλεισίους
957 3552 1029 3630 dici,
1045 3552 1129 3631 quasi
1144 3553 1226 3610 clau·

117 3657 167 3696 soe
180 3637 336 3696 cubiculo:
367 3657 437 3696 nem
454 3640 671 3718 κουβουκλεῐον
686 3639 807 3702 ¹Graeci
826 3639 1022 3718 posteriores,
1047 3657 1123 3695 voce
1140 3659 1156 3694 a
1174 3639 1226 3694 La.

118 3721 192 3782 tinia
216 3731 373 3802 mutuata,
401 3723 582 3782 cubiculum
612 3723 820 3804 appellarunt,
854 3733 890 3782 ut
912 3725 1028 3783 dudum
1056 3723 1229 3782 observavit

118 3807 277 3868 Meursius.
297 3869 299 3876 ,
320 3807 437 3870 eosdem
451 3809 637 3891 lynleloroug
652 3810 823 3870 nominatos
835 3809 1030 3886 intelligimur
1051 3827 1090 3865 ex
1103 3807 1230 3888 epistola

28 3895 30 3900 '
119 3895 150 3958 S.
164 3892 290 3962 abbatis
305 3893 376 3970 Nili,
391 3895 411 3954 l.
425 3899 446 3958 2
461 3900 504 3961 96
519 3895 550 3953 in
565 3895 696 3956 editione
709 3915 823 3974 nupera
835 3896 941 3954 Leonis
950 3893 1054 3951 ellarii
1068 3897 1125 3956 toti
1134 3889 1230 3955 πάνυ.

18 4030 24 4039 .
119 3997 153 4038 ee
173 3977 348 4040 inscribitur
367 3983 646 4050 ΦΙΛΟΤΜΕΝΩι
659 3985 901 4044 esuriturus.
929 3979 972 4038 ita
985 3978 1121 4057 oportuit
1135 3979 1168 4037 in
1183 4001 1230 4041 ins

81 4071 82 4080 ’
120 4063 287 4145 archetypo
311 4064 384 4144 legi,
416 4065 474 4128 nisi
502 4087 588 4126 error
618 4077 663 4128 est
689 4065 889 4145 typographi:
918 4064 971 4124 sed
998 4064 1092 4122 ausim
1121 4065 1229 4144 quovie

120 4147 248 4228 pignore
264 4149 447 4212 contendere
462 4151 619 4236 ipnlelorp
644 4151 792 4230 scriptum
803 4173 827 4224 a
844 4149 920 4208 uuo.
965 4150 1026 4226 agit
1038 4149 1118 4208 enim
1133 4151 1232 4210 mani-

120 4237 196 4294 feste
207 4255 287 4296 cum
311 4235 448 4313 homine,
479 4239 533 4316 qui
545 4246 653 4316 sponte
669 4237 805 4296 inclusus
822 4237 957 4312 degeres,
981 4255 1067 4313 quern
1088 4248 1118 4294 et
1130 4237 1229 4315 arguit

122 4319 206 4398 quod
221 4341 335 4402 parurnx
346 4331 546 4386 concentauee
560 4323 614 4382 tali
629 4321 811 4402 professioni
824 4322 950 4382 viveret.
978 4320 1142 4384 describam
1159 4333 1229 4382 tao-
