3188 4784
430 292 508 368 864
739 291 980 366 OBSERVAT.
1005 291 1252 371 Pactum.

440 457 503 556 ᾖξ’
520 454 657 552 lffl'ffi
674 454 801 552 Ἓξ*
835 459 971 541 linguato
982 459 1188 522 iudicantibus
1205 457 1339 522 credere
1355 459 1510 538 noluerat,
1524 469 1553 523 ut

493 539 500 554 '
549 555 644 604 uncum
834 546 868 608 id
881 547 1094 626 quoquomodo
1107 543 1286 626 impediret,
1311 547 1553 608 Caeauroam'di-

530 609 657 654 ⁰¹⁰⁰⁸¹⁸¹
675 606 802 654 ”Md
875 631 980 695 itatem
1061 632 1073 693 l
1110 641 1175 692 atos
1191 631 1284 692 offert
1300 633 1478 693 Rontacrio
1542 634 1551 648 ’

428 723 512 789 1307
582 661 614 782 b
717 717 760 783 aa
835 653 902 779 li..
914 651 1238 798 molimina...
1251 653 1551 798 ...namatii-¹

679 793 795 920 fflffl
835 805 938 870 mittit.
981 805 1036 870 l.6
1050 825 1077 869 c.
1094 807 1144 870 16.

878 888 1057 951 Theodorus
1070 888 1227 952 chonam
1244 898 1385 970 portana
1407 889 1447 950 ab
1462 889 1549 971 impo-

834 985 937 1038 ratore
959 975 999 1036 ad
1019 975 1214 1036 llontaerium
1236 975 1377 1056 insignia
1397 977 1548 1036 Caesareae
1591 1039 1592 1047 ,

836 1061 989 1144 dignitatia
1006 1081 1075 1122 cum
1096 1060 1314 1142 diplomatibus
1334 1082 1417 1124 auro
1437 1063 1548 1124 bullatia
1591 1089 1592 1140 γ

835 1157 866 1207 et
890 1147 1015 1228 triginta
1032 1165 1226 1208 nummorum
1247 1147 1408 1224 millabua‚
1431 1149 1546 1209 audiena

833 1234 865 1294 iu
883 1233 990 1294 itinere
1003 1233 1161 1294 Catalanoo
1174 1253 1237 1294 non
1256 1233 1375 1312 exequi
1391 1243 1500 1314 pacta,
1519 1243 1545 1294 at

834 1319 897 1382 vim
909 1319 945 1378 ab
960 1320 996 1380 iia
1008 1328 1155 1395 metuens,
1175 1337 1210 1380 re
1224 1319 1342 1380 inlecta
1358 1320 1455 1382 redit.
1494 1320 1545 1386 lb

835 1425 861 1466 c.
876 1407 926 1470 17.

876 1489 976 1550 lnaula
993 1489 1083 1550 Chion
1098 1488 1223 1550 aPeraio
1243 1497 1339 1569 capta
1355 1489 1480 1572 direpta
1496 1510 1544 1551 va-

833 1582 911 1634 atata
932 1584 994 1651 aet,
1016 1575 1165 1656 plerisque
1190 1574 1368 1636 incolarum
1395 1577 1544 1638 baa-basiat

833 1659 1020 1721 immanitate
1033 1659 1201 1722 trucidatio.
1243 1659 1321 1724 ibid.

727 1735 730 1742 ¹
875 1747 1056 1807 Rontacriua
1067 1747 1149 1826 apud
1163 1745 1357 1826 Calliopolim
1373 1746 1543 1808 iniuaioean

832 1831 1010 1911 imperatori
1023 1841 1055 1892 et
1065 1831 1193 1913 aupcrbe
1205 1831 1362 1894 minacem
1376 1834 1542 1895 concioun

834 1913 936 1984 habet.
978 1918 1000 1978 l.
1018 1921 1076 1983 6c.
1094 1923 1144 1986 18.

786 2066 788 2070 ,
875 2003 948 2064 Poat
963 2002 1066 2063 decem
1086 2001 1159 2063 inde
1178 2002 1241 2062 diea
1256 2001 1358 2064 liteaia
1372 2001 1416 2064 ad
1431 2002 1541 2064 Andau-

833 2089 934 2149 nicum
948 2085 1025 2149 datia
1035 2089 1225 2165 llontaeriua,
1247 2089 1475 2169 poenitentiam
1488 2111 1504 2148 a
1515 2107 1540 2147 ae

833 2184 938 2234 contra
959 2173 1044 2235 illum
1057 2185 1196 2236 actorum
1218 2183 1250 2234 et
1270 2174 1437 2236 dictorum
1457 2175 1539 2235 dmu-

832 2260 915 2335 lane,
937 2268 968 2320 et
982 2261 1186 2321 necessitatem
1200 2278 1239 2319 ex
1253 2259 1284 2320 vi
1301 2281 1322 2320 a
1340 2263 1406 2322 euia
1425 2261 1460 2322 iu
1472 2259 1538 2319 oedi-

833 2348 946 2407 tionem
962 2346 1119 2408 concitatio
1132 2365 1295 2424 excuaana,
1325 2347 1454 2409 veniam
1465 2346 1538 2428 petit

832 2431 852 2493 l.
906 2451 932 2492 c
990 2476 998 2492 .

868 2437 929 2576 bia
943 2437 1024 2577 idne
1038 2515 1140 2577 Martii
1157 2514 1197 2575 nd
1214 2515 1402 2596 legationem
1425 2538 1446 2577 a
1459 2517 1536 2576 Cata·

697 2653 698 2656 ,
831 2601 907 2663 lania
935 2602 1055 2662 miceam
1074 2600 1286 2676 Andronicuc,
1319 2621 1438 2683 anagnu
1462 2611 1536 2662 coetu

831 2689 1209 2835 {tibitibi-¹53
1224 2681 1331 2832 iffi
1347 2687 1536 2838 iffi

832 2861 1018 2921 contumacia
1034 2867 1145 2925 tentat.
1188 2879 1215 2918 c.
1235 2862 1285 2922 19.

874 2945 1066 3008 Andronicua
1090 2946 1253 3026 imperator
1274 2941 1377 3004 lilium
1400 2945 1536 3006 comni

832 3031 888 3091 tini
901 3030 1162 3112 Porphyrogeniti,
1176 3030 1277 3091 ironia
1291 3029 1354 3108 aui,
1368 3029 1536 3112 panbypaa·

832 3117 982 3178 eebactum
998 3125 1089 3179 creat.
1131 3117 1184 3181 l.6
1199 3136 1226 3178 c.
1242 3119 1294 3179 20.

875 3201 1073 3264 Athanasium
1095 3199 1297 3282 patriarcham
1319 3199 1362 3260 ob
1382 3200 1537 3262 immanem

831 3289 864 3350 in
878 3307 981 3350 omnes
990 3287 1146 3349 caevitiam
1161 3285 1276 3348 cunctia
1288 3303 1427 3347 exoaum
1447 3297 1479 3347 ct
1496 3283 1538 3344 id·

833 3395 868 3435 eo
895 3375 972 3437 clam
996 3374 1106 3454 eparaia
1129 3371 1235 3434 libeliis
1258 3371 1387 3432 lamonia
1415 3372 1538 3454 proado-

831 3481 918 3538 aum,
953 3460 1099 3520 adveraua
1133 3457 1279 3519 invidiam
1313 3458 1445 3518 munire
1480 3467 1538 3518 ctu-

832 3547 906 3606 dcne
919 3545 1101 3628 imperator,
1123 3545 1297 3606 concionem
1312 3541 1416 3605 habet
1435 3543 1474 3605 de
1485 3542 1538 3602 ἀπ

828 3630 989 3710 landibua,
1027 3631 1142 3691 addens
1172 3629 1348 3708 exemplum
1384 3630 1539 3692 caiuma

829 3716 967 3794 Armeni,
990 3717 1042 3796 qui
1055 3726 1215 3798 poatquam
1227 3713 1401 3776 Athanasio
1419 3713 1539 3776 malodi-

828 3803 930 3878 xiaaet,
950 3823 1022 3864 caan
1033 3821 1103 3862 cruc
1115 3803 1262 3881 fregerat,
1284 3799 1374 3878 quod
1389 3803 1460 3884 ipae
1474 3819 1540 3884 poe-

829 3909 900 3950 nam
915 3907 978 3949 eane
991 3887 1138 3949 divbiitua
1153 3887 1268 3947 illatam
1281 3889 1477 3968 persuadete
1493 3907 1540 3948 oo-

828 3974 971 4040 nabatur.
1011 3973 1034 4041 la
1050 3979 1071 4041 6
1087 3994 1113 4040 c.
1127 3978 1180 4040 21.

870 4061 955 4128 inter
975 4059 1049 4120 baec
1064 4060 1113 4120 die
1130 4065 1188 4138 qua
1206 4056 1312 4116 Lazari
1337 4060 1469 4122 excitati
1493 4075 1542 4140 pfl

798 4189 799 4192 ,
827 4146 982 4208 ebriatum
998 4164 1015 4205 e
1037 4145 1166 4206 mortulo
1183 4143 1376 4223 evangelium
1399 4145 1485 4207 intcr
1499 4164 1543 4204 ca-

827 4253 879 4293 cra
890 4234 1036 4296 mainan
1048 4232 1082 4314 in
1094 4231 1214 4291 ecclceia
1223 4230 1356 4309 Graeca,
1378 4231 1468 4312 quod
1481 4249 1543 4291 ccr-

826 4327 894 4380 tum
917 4327 964 4380 eat
983 4317 1050 4378 lieri
1069 4317 1192 4400 sabbato
1209 4311 1360 4396 contiguo
1378 4319 1543 4380 dominicae
