2798 4786
208 264 292 338 aas
358 243 361 250 ’
531 263 709 334 ononcn
732 263 997 334 alemannis
1105 331 1106 334 ,

127 441 151 498 Ρ
170 433 349 522 litiganti
371 431 432 504 δαιδ
451 439 542 504 τοῦδε
562 438 613 503 καὶ
633 437 774 520 ἐπιτιμᾶν
788 435 928 518 ἀδικοῦσι
944 437 995 502 sul
1014 441 1072 520 τῆς
1085 433 1171 516 dilue
1185 432 1318 520 διαλαμ-

214 537 380 624 βάνεσθαι.
419 533 512 624 ἦσαν
534 539 567 605 δ’
585 531 671 607 οὗτοι
693 541 722 606 oi
736 544 809 627 περί
826 566 859 606 τε
875 539 930 607 τὸν
942 538 1072 627 Ἐφέσου
1085 541 1136 604 καλ
1150 539 1203 606 adv
1220 539 1319 620 Κοζδ-

215 669 292 723 ιιον,
321 643 355 708 oi*
367 641 406 726 δὴ
422 646 473 708 soi
486 649 605 726 μᾶλλον
620 646 681 710 δεῖν
695 643 799 729 ἔλεγον
813 644 972 729 κρίνεσθαι
987 642 1040 708 τδν
1051 648 1084 709 Γ
1081 637 1234 729 ρηγόριον,
1262 643 1316 708 καὶ

214 753 299 832 σφᾶς
320 745 357 812 νδ
383 743 618 830 ἀποβησόμενον
643 747 808 830 δόχεσθαι,
840 746 922 831 μηδ’
947 742 1093 812 turillae
1123 745 1179 830 τὴν
1205 741 1314 831 adeps,

213 848 291 934 μηδ’
321 846 401 914 ἄλλα
422 848 595 926 ιιεόθοντας
623 848 703 916 ἄλλα
724 849 851 932 βόζειν,
892 852 1141 933 οῖιιονομοῦντας.
1193 854 1255 914 τῶν
1281 849 1341 914 dds»

214 949 340 1039 τρόποις
353 953 529 1036 οἰκονομίας
542 950 690 1020 νευόντων
703 949 861 1039 ὁμολογεῖν
875 953 984 1037 εὐσεβῆ
997 951 1051 1018 adv
1063 957 1094 1018 Γ
1093 945 1245 1039 ρηγόριον,
1273 945 1317 1028 nic

214 1054 293 1140 μηδ’
320 1057 353 1122 ἐκ
375 1062 431 1122 τοῦ
449 1054 557 1140 τόμοσ
570 1053 662 1122 τόσον
676 1056 959 1132 σκανδαλισθόνιας
974 1054 1048 1122 ὅσον
1064 1057 1096 1120 ἐκ
1108 1063 1164 1122 τοῦ
1180 1060 1237 1120 sori
1253 1082 1317 1137 μο-

213 1165 311 1243 ναχοῦ
334 1157 472 1244 Μάριον
493 1155 695 1245 γράμματος,
722 1157 818 1242 μόνον
841 1161 952 1226 ἐκεῖνον
972 1160 1094 1240 λ’τοιμον
1118 1155 1193 1224 εἶναι
1208 1156 1315 1242 ἠξίουν
1343 1211 1344 1214 ,

175 1274 198 1328 B
216 1262 356 1347 παρέχειν
371 1264 425 1328 τόν
445 1269 502 1346 τῆς
517 1260 731 1348 παραιτήσεως
752 1264 901 1343 λόβελλον.
954 1265 1004 1328 καὶ
1016 1261 1132 1346 ἤθελον
1146 1268 1258 1340 τοῦτο,
1287 1261 1317 1326 εἰ

214 1362 281 1432 οἶόν
302 1364 335 1431 τ’
363 1357 418 1448 ἦν,
452 1372 659 1451 αληροφορεΐν
683 1368 733 1430 ’καὶ
755 1363 914 1451 γρόμμαοι
938 1366 992 1432 τόν
1012 1369 1043 1430 Γ
1042 1359 1193 1450 ρηγόριον.
1244 1357 1359 1430 illm

212 1469 396 1551 πέμψαντος
410 1474 465 1534 τοῦ
481 1468 631 1549 βασιλέως
654 1465 754 1554 λόγοις
776 1463 979 1555 ε’,ιιληροφόρει
995 1474 1073 1534 θεοῦ
1089 1469 1244 1548 ἐναντίον,
1273 1464 1317 1545 ὥς

213 1569 295 1655 ἔλεγε
305 1620 315 1651 ,
343 1570 388 1655 μὴ
405 1569 530 1656 φθάσαι
542 1569 674 1648 Ἰτοότοιις
687 1557 844 1657 ὁμολογεῖν
862 1573 964 1660 ἐκείνῳ
979 1571 1015 1638 τό
1037 1571 1148 1654 σέβας,
1175 1569 1316 1636 scissione

213 1670 332 1740 διδόναι
348 1673 385 1740 εδ
400 1681 457 1758 τῆς
466 1671 678 1761 παραιτήσεως
694 1674 855 1762 ἔγγραφον.
889 1675 918 1740 oi
929 1676 986 1756 μὲν
1001 1666 1057 1740 οὖν
1074 1677 1141 1758 περὶ
1155 1673 1209 1740 τόν
1221 1673 1314 1760 Ἐφί-

212 1801 271 1842 σοο
287 1776 360 1842 οὐδ’
377 1773 455 1853 ὅλως
469 1776 539 1843 odes
554 1778 608 1844 τόν
622 1775 713 1862 λόγον
727 1765 866 1860 illigasse
880 1777 953 1844 οὐδὲ
967 1777 1001 1844 ιδ
1017 1783 1144 1863 πρᾶγμα
1160 1775 1314 1861 εόσχημον

212 1877 349 1966 ἔκριναν·
376 1880 405 1945 oi
419 1881 453 1947 δὲ
468 1884 536 1967 περὶ
556 1880 610 1947 τόν
628 1884 853 1968 Φιλαδελφείας
872 1883 922 1946 sal
940 1878 1027 1964 μάλα
1047 1879 1102 1947 τόν
1117 1875 1208 1966 λόγον
1224 1877 1312 1965 ἴνορ-
1321 1889 1355 1945 1⁵

210 2009 266 2050 ιιον
286 1980 367 2067 εἶχον
389 1980 432 2061 ὥς
453 1985 589 2051 ἐναντίον
609 1986 749 2072 γίνεσθαι
770 1982 930 2071 λεγόμενον
943 1991 998 2050 τοῦ
1016 1989 1112 2065 aeos,
1139 1980 1196 2050 κᾶν
1214 2008 1314 2068 μετα-

257 2168 262 2186 ’
279 2168 303 2221 1.
320 2162 368 2236 εδ]
385 2167 439 2222 soei
455 2165 485 2220 Ρ.
588 2167 613 2221 4.
631 2163 754 2222 ἐπιλύειν
773 2166 803 2221 Ρ.
907 2169 933 2223 7.
951 2164 1052 2229 adeone
1069 2166 1099 2221 Ρ.

208 2319 305 2404 pliciis,
327 2337 395 2391 quae
419 2321 540 2391 proprius
562 2321 599 2375 ilii
622 2320 711 2387 dolor,
734 2321 761 2375 in
784 2319 906 2376 memoria
928 2321 1025 2375 recenti
1049 2315 1217 2374 tiadnctionis
1239 2334 1313 2385 εοιιε,

207 2399 277 2443 ruste
292 2390 391 2442 iniustis
408 2391 565 2442 delatoribus
581 2409 657 2461 posse
673 2391 765 2460 imponi
781 2392 909 2443 siraderet
943 2398 1061 2444 auctores
1079 2391 1152 2442 huius
1168 2389 1311 2441 sententiae

209 2459 356 2527 Ephesinns
373 2463 400 2510 ct
418 2459 561 2526 Cyzicenus
582 2459 726 2523 antistites,
750 2461 842 2513 multos
866 2461 974 2544 quisque
997 2460 1047 2512 sibi
1065 2460 1231 2511 adhaerentes
1256 2465 1313 2510 tra-

209 2527 282 2579 hens.
316 2543 421 2596 quorum
440 2527 592 2580 audiebatur
609 2528 716 2580 omnium
733 2530 857 2582 unanimis
876 2536 975 2592 oratio,
1001 2529 1119 2581 ventilari
1142 2526 1241 2580 omnino
1267 2544 1312 2578 ec-

209 2595 354 2648 clesiastico
378 2597 473 2648 debere
494 2596 585 2648 iudicio
611 2614 712 2649 causam
731 2599 867 2665 Gregorii,
885 2597 1048 2668 pe‘rrnittique
1065 2596 1195 2664 suffragiis
1212 2595 1314 2663 perito·

208 2679 264 2716 rum
281 2671 352 2717 recte
369 2664 413 2716 ille
429 2683 509 2717 necne
525 2665 592 2718 circa
610 2667 699 2733 dogma
718 2669 834 2733 sentiret,
845 2684 892 2720 nec
903 2667 1117 2720 reformidandum
1133 2666 1187 2718 litis
1203 2664 1311 2716 exitum.

208 2749 267 2786 sese
284 2734 349 2786 enim
367 2739 471 2787 eventus
486 2733 675 2806 qualiscumque
692 2735 743 2788 iam
760 2753 826 2789 nunc
843 2737 892 2790 sibi
908 2736 1049 2805 periculum
1066 2736 1214 2804 deposcere.
1232 2749 1312 2804 prse-

209 2811 280 2856 stare
300 2803 395 2924 quippe
420 2803 482 2856 illud
507 2803 581 2872 longe
604 2821 679 2875 quam
703 2805 899 2859 dissolutissima
922 2805 1023 2858 ratione
1044 2805 1144 2874 plagam
1167 2803 1312 2856 incuratam

209 2872 297 2924 fasciis
314 2891 342 2925 so
353 2889 423 2937 vere,
441 2873 491 2926 alis
507 2873 607 2926 conscie
625 2874 738 2926 celantes
754 2875 804 2927 alia
822 2875 939 2940 effutire,
955 2875 1065 2942 denique
1082 2877 1167 2926 lucum
1184 2887 1313 2924 ronanam

210 2942 400 2996 excusationum
426 2942 642 2995 inexcusabilibus
669 2944 732 2996 sctis
757 2951 783 2996 et
806 2944 910 3013 scriptis
932 2944 1080 3024 appingere.
1115 2941 1174 2994 hnic
1190 2941 1312 3010 opposita

210 3027 242 3062 ex
259 3010 366 3063 adverso
383 3011 556 3064 invalescebat
577 3012 664 3081 opinio
687 3011 837 3078 multorum,
860 3011 1048 3083 compositionis
1073 3011 1140 3064 riam
1156 3009 1246 3082 quaeri
1262 3025 1312 3078 op-

207 3087 312 3150 portere
330 3081 543 3145 contendentium,
560 3098 608 3134 nec
624 3083 808 3149 aspernandam
824 3082 907 3134 videri
924 3080 1089 3134 conditionem
1109 3079 1229 3133 oblatam.
1265 3095 1312 3130 ca·

208 3150 264 3201 veri
282 3149 348 3202 enim
365 3150 429 3202 satis
446 3168 521 3220 posse
539 3147 684 3204 certitudini
701 3152 842 3220 promissae
860 3147 995 3208 cessionis=
1013 3167 1064 3270 poa
1081 3150 1144 3202 satia
1161 3145 1311 3212 constituta,

207 3217 268 3288 quid
276 3219 378 3272 tandem
386 3219 446 3270 mali
454 3227 523 3272 esset
531 3219 654 3272 consolari
661 3221 815 3288 Gregoriom
824 3220 907 3273 dando
916 3220 952 3272 illi
962 3236 1011 3288 quo
1038 3219 1144 3288 petebat
1154 3215 1310 3281 testimonio,

208 3303 263 3340 cum
276 3287 339 3340 satia
347 3293 478 3341 constaret
491 3307 541 3342 non
555 3285 647 3341 tarn‘ex
655 3288 709 3342 eius
722 3295 789 3342 tomo
802 3290 947 3342 scandalum
958 3288 1091 3341 multorom
1104 3295 1310 3356 ortumquamex

207 3355 305 3436 scripto
315 3356 397 3410 Marci
406 3360 539 3412 monachii
558 3357 691 3412 exhiberet
702 3376 731 3411 se
741 3359 814 3412 modo
824 3359 966 3426 Gregorius
980 3365 1096 3426 ps'ratom
1109 3357 1192 3410 dando
1203 3354 1311 3408 abdica-

206 3424 284 3478 tionis
293 3425 377 3478 libello
385 3427 428 3479 ubi
437 3428 753 3497 testimoninmaccepsrit3
766 3437 792 3482 et
799 3427 821 3479 si
829 3435 909 3499 queat
916 3428 948 3480 ab
955 3427 1011 3495 ipso
1017 3426 1157 3495 impetrari,
1163 3425 1241 3477 lidem
1249 3425 1275 3476 io
1283 3421 1312 3476 id

206 3495 447 3565 snamsariptorite
460 3498 609 3567 consignato
624 3495 673 3550 iam
686 3497 868 3567 nuncobliget.
901 3502 954 3550 turn
964 3513 1027 3549 sane
1042 3492 1255 3550 consulatureius
1268 3491 1312 3545 sa·
1350 3543 1354 3550 .

207 3579 271 3626 mae,
279 3564 460 3620 comeribendo
471 3571 545 3638 quale
554 3567 751 3638 postulatsanae
760 3584 822 3621 snae
832 3566 961 3621 doctrinae
972 3566 1124 3620 testimonio.
1142 3562 1310 3632 compellatus

207 3631 286 3702 igitur
303 3650 321 3687 ιι
337 3633 420 3687 missis
433 3637 470 3688 ab
487 3637 644 3709 imperatore
665 3637 698 3689 ad
720 3638 770 3689 hoc
786 3637 868 3706 ipsum
885 3634 1028 3704 Gregorius
1045 3636 1077 3688 de
1092 3635 1217 3704 promisso
1234 3629 1311 3684 abdi-

207 3701 317 3756 cationis
334 3702 430 3768 dando,
454 3705 546 3760 illaad
563 3707 589 3759 id
605 3704 701 3775 scripto
719 3705 910 3775 concipiendum
927 3703 993 3759 haud
1012 3713 1144 3774 promptus
1160 3701 1227 3756 omni
1245 3717 1310 3753 ver-

205 3771 295 3826 borum
320 3775 510 3828 asseveratione
536 3792 620 3829 coram
642 3773 706 3840 deo,
732 3775 769 3828 slc
792 3774 914 3828 emman
938 3774 1051 3839 loeutus,
1076 3771 1234 3828 confirmarit
1257 3785 1310 3822 noa

205 3840 277 3910 prius
293 3840 363 3912 ipsos
380 3842 495 3897 edituros
512 3845 636 3915 scriptum
652 3861 703 3914 quo
726 3843 775 3896 sibi
792 3844 871 3897 dacus
886 3844 1049 3912 incorruptae
1064 3842 1092 3895 in
1111 3842 1229 3912 dogmate
1246 3837 1310 3890 lidei

205 3919 361 3974 assererent,
377 3928 452 3981 quarn
470 3913 526 3982 ipse
542 3911 652 3966 vicissim
670 3913 723 3965 rite
739 3913 909 3982 conscriptam
929 3910 1100 3966 abdicationis
1116 3907 1311 3981 patriarchatus

203 3978 315 4034 libellum
333 3979 416 4033 daret
452 3983 500 4035 hoe
525 3981 606 4036 relato
628 3999 749 4052 responso
771 3981 931 4050 Ephesirrus‚
956 3986 984 4034 et
1005 3982 1050 4051 qui
1073 3980 1098 4033 ei
1122 3979 1308 4043 adhaerebant,

204 4045 273 4101 hand
296 4049 508 4118 acquiescendum
535 4051 745 4114 arbitrabantur,
775 4051 906 4121 multaque
937 4051 1083 4118 allegabant
1105 4051 1139 4104 ob
1162 4065 1231 4120 quse
1259 4061 1310 4098 use

204 4121 291 4178 turtum
310 4135 358 4171 nec
381 4119 514 4172 honestum
536 4120 563 4172 id
586 4137 644 4174 esse
668 4117 856 4194 contenderent.
891 4118 1121 4190 Philadelphiensis
1144 4127 1234 4172 centn
1251 4129 1311 4170 cum

204 4186 267 4252 suis,
284 4185 352 4240 illam
367 4187 544 4258 interpositam
561 4206 577 4243 a
594 4187 722 4257 Gregorio
742 4187 783 4242 del
806 4188 959 4242 mentionem
975 4189 1002 4241 in
1038 4188 1162 4242 ollicendo
1180 4205 1227 4259 pro
1245 4200 1311 4239 vero

202 4253 345 4311 iuramento
361 4255 578 4330 interpretantes,
602 4257 667 4313 satis
689 4273 746 4312 mm
770 4258 961 4330 promissionum
984 4257 1009 4314 vi
1028 4258 1065 4312 eri
1080 4258 1176 4313 debere
1192 4256 1313 4312 affima-

55 4583 257 4784 fl,
