<?xml version="1.0" encoding="UTF-8"?>
<!DOCTYPE html PUBLIC "-//W3C//DTD XHTML 1.0 Transitional//EN"
    "http://www.w3.org/TR/xhtml1/DTD/xhtml1-transitional.dtd">
<html xmlns="http://www.w3.org/1999/xhtml" xml:lang="en" lang="en">
 <head>
  <title>
</title>
<meta http-equiv="Content-Type" content="text/html;charset=utf-8" />
  <meta name='ocr-system' content='tesseract 3.04.00' />
  <meta name='ocr-capabilities' content='ocr_page ocr_carea ocr_par ocr_line ocrx_word'/>
</head>
<body>
  <div class='ocr_page' id='page_1' title='image "./georgiipachymer00pousgoog_0473.png"; bbox 0 0 2842 4882; ppageno 0'>
   <div class='ocr_carea' id='block_1_1' title="bbox 173 389 1139 500">
    <p class='ocr_par' dir='ltr' id='par_1_1' title="bbox 173 389 1139 500">
     <span class='ocr_line' id='line_1_1' title="bbox 173 389 1139 500; baseline -0.029 -26"><span class='ocrx_word' id='word_1_1' title='bbox 173 396 284 476; x_wconf 81' lang='lat'>‚460</span> <span class='ocrx_word' id='word_1_2' title='bbox 361 443 403 456; x_wconf 70' lang='lat'>,.</span> <span class='ocrx_word' id='word_1_3' title='bbox 526 389 705 462; x_wconf 83' lang='lat' dir='ltr'><strong>GEORGII</strong></span> <span class='ocrx_word' id='word_1_4' title='bbox 729 389 994 500; x_wconf 71' lang='lat' dir='ltr'>Ptcnuunuls</span> <span class='ocrx_word' id='word_1_5' title='bbox 1041 441 1058 454; x_wconf 85' lang='lat'>..</span> <span class='ocrx_word' id='word_1_6' title='bbox 1138 443 1139 446; x_wconf 74' lang='grc'><strong><em>,</em></strong></span> 
     </span>
    </p>
   </div>
   <div class='ocr_carea' id='block_1_2' title="bbox 166 557 1400 2407">
    <p class='ocr_par' dir='ltr' id='par_1_2' title="bbox 166 557 1400 2407">
     <span class='ocr_line' id='line_1_2' title="bbox 209 557 1383 651; baseline -0.007 -16"><span class='ocrx_word' id='word_1_7' title='bbox 209 567 389 651; x_wconf 82' lang='grc' dir='ltr'><strong><em>λειςῦῇλος</em></strong></span> <span class='ocrx_word' id='word_1_8' title='bbox 407 565 540 649; x_wconf 71' lang='grc' dir='ltr'><strong><em>γίνεται,</em></strong></span> <span class='ocrx_word' id='word_1_9' title='bbox 568 565 620 631; x_wconf 81' lang='grc' dir='ltr'>καλ</span> <span class='ocrx_word' id='word_1_10' title='bbox 641 563 682 630; x_wconf 81' lang='grc' dir='ltr'><strong><em>τό</em></strong></span> <span class='ocrx_word' id='word_1_11' title='bbox 694 561 811 640; x_wconf 77' lang='grc' dir='ltr'><strong><em>πένθος</em></strong></span> <span class='ocrx_word' id='word_1_12' title='bbox 834 562 939 650; x_wconf 82' lang='grc' dir='ltr'><strong><em>σφέσιν</em></strong></span> <span class='ocrx_word' id='word_1_13' title='bbox 954 561 1073 650; x_wconf 72' lang='grc' dir='ltr'><strong><em>αἴρεται</em></strong></span> <span class='ocrx_word' id='word_1_14' title='bbox 1087 559 1176 646; x_wconf 75' lang='grc' dir='ltr'><strong><em>μέγα.</em></strong></span> <span class='ocrx_word' id='word_1_15' title='bbox 1229 557 1320 644; x_wconf 74' lang='grc' dir='ltr'><strong><em>ὅμως</em></strong></span> <span class='ocrx_word' id='word_1_16' title='bbox 1378 635 1383 646; x_wconf 33' lang='lat'><em>¹</em></span> 
     </span>
     <span class='ocr_line' id='line_1_3' title="bbox 168 655 1384 756; baseline -0.007 -18"><span class='ocrx_word' id='word_1_17' title='bbox 168 684 193 738; x_wconf 82' lang='lat' dir='ltr'><strong>c</strong></span> <span class='ocrx_word' id='word_1_18' title='bbox 211 674 244 737; x_wconf 74' lang='grc' dir='ltr'>δι’</span> <span class='ocrx_word' id='word_1_19' title='bbox 258 671 315 736; x_wconf 77' lang='grc' dir='ltr'>καλ</span> <span class='ocrx_word' id='word_1_20' title='bbox 324 673 578 756; x_wconf 79' lang='grc' dir='ltr'><strong><em>παρακαλοῦνται</em></strong></span> <span class='ocrx_word' id='word_1_21' title='bbox 597 667 750 749; x_wconf 76' lang='grc' dir='ltr'><strong><em>βασιλέως</em></strong></span> <span class='ocrx_word' id='word_1_22' title='bbox 772 666 966 751; x_wconf 82' lang='grc' dir='ltr'><strong><em>πέμψαντος.</em></strong></span> <span class='ocrx_word' id='word_1_23' title='bbox 1019 665 1099 749; x_wconf 81' lang='grc' dir='ltr'><strong><em>πλὴν</em></strong></span> <span class='ocrx_word' id='word_1_24' title='bbox 1113 663 1186 730; x_wconf 76' lang='grc' dir='ltr'><strong><em>ἀλλ’</em></strong></span> <span class='ocrx_word' id='word_1_25' title='bbox 1199 661 1322 749; x_wconf 65' lang='lat' dir='ltr'>’Arimi-5,</span> <span class='ocrx_word' id='word_1_26' title='bbox 1382 655 1384 658; x_wconf 34' lang='lat'>¹</span> 
     </span>
     <span class='ocr_line' id='line_1_4' title="bbox 208 766 1316 860; baseline -0.005 -21"><span class='ocrx_word' id='word_1_27' title='bbox 208 799 275 860; x_wconf 90' lang='grc' dir='ltr'><strong><em>ριος</em></strong></span> <span class='ocrx_word' id='word_1_28' title='bbox 301 774 353 837; x_wconf 77' lang='grc' dir='ltr'>καὶ</span> <span class='ocrx_word' id='word_1_29' title='bbox 382 769 482 844; x_wconf 83' lang='grc' dir='ltr'><strong><em>οῦτως</em></strong></span> <span class='ocrx_word' id='word_1_30' title='bbox 508 770 801 852; x_wconf 76' lang='grc' dir='ltr'><strong><em>ιιαθνπεστέλλετο,</em></strong></span> <span class='ocrx_word' id='word_1_31' title='bbox 836 768 892 836; x_wconf 83' lang='grc' dir='ltr'>οῦκ</span> <span class='ocrx_word' id='word_1_32' title='bbox 913 766 985 836; x_wconf 71' lang='grc' dir='ltr'><strong><em>οἶδα</em></strong></span> <span class='ocrx_word' id='word_1_33' title='bbox 1007 768 1067 834; x_wconf 67' lang='grc' dir='ltr'><strong><em>εἴτε</em></strong></span> <span class='ocrx_word' id='word_1_34' title='bbox 1091 768 1147 834; x_wconf 83' lang='grc' dir='ltr'>τόν</span> <span class='ocrx_word' id='word_1_35' title='bbox 1169 766 1232 834; x_wconf 82' lang='grc' dir='ltr'>άπὸ</span> <span class='ocrx_word' id='word_1_36' title='bbox 1255 773 1316 835; x_wconf 90' lang='grc' dir='ltr'><strong><em>τοῦ</em></strong></span> 
     </span>
     <span class='ocr_line' id='line_1_5' title="bbox 206 871 1315 963; baseline -0.006 -20"><span class='ocrx_word' id='word_1_37' title='bbox 206 880 409 962; x_wconf 82' lang='grc' dir='ltr'><strong><em>Χαρμπαντῦ</em></strong></span> <span class='ocrx_word' id='word_1_38' title='bbox 428 871 529 960; x_wconf 79' lang='grc' dir='ltr'><strong><em>φόβον</em></strong></span> <span class='ocrx_word' id='word_1_39' title='bbox 551 872 622 963; x_wconf 85' lang='grc' dir='ltr'><strong><em>(τάς</em></strong></span> <span class='ocrx_word' id='word_1_40' title='bbox 644 874 704 960; x_wconf 77' lang='grc' dir='ltr'>γάρ</span> <span class='ocrx_word' id='word_1_41' title='bbox 716 880 774 940; x_wconf 88' lang='grc' dir='ltr'><strong><em>τοῦ</em></strong></span> <span class='ocrx_word' id='word_1_42' title='bbox 790 871 934 960; x_wconf 79' lang='grc' dir='ltr'><strong><em>,ἀδελφοῦ</em></strong></span> <span class='ocrx_word' id='word_1_43' title='bbox 949 872 1118 948; x_wconf 75' lang='grc' dir='ltr'>συνθεσίας</span> <span class='ocrx_word' id='word_1_44' title='bbox 1130 873 1242 948; x_wconf 76' lang='grc' dir='ltr'><strong><em>ἐκεῖνος</em></strong></span> <span class='ocrx_word' id='word_1_45' title='bbox 1254 897 1315 955; x_wconf 88' lang='grc' dir='ltr'><strong><em>τη-</em></strong></span> 
     </span>
     <span class='ocr_line' id='line_1_6' title="bbox 207 973 1340 1068; baseline -0.004 -22"><span class='ocrx_word' id='word_1_46' title='bbox 207 991 271 1068; x_wconf 81' lang='grc' dir='ltr'><strong><em>ρεῖν</em></strong></span> <span class='ocrx_word' id='word_1_47' title='bbox 291 977 418 1064; x_wconf 73' lang='grc' dir='ltr'><strong><em>ἤθελεν)</em></strong></span> <span class='ocrx_word' id='word_1_48' title='bbox 441 976 486 1044; x_wconf 74' lang='grc' dir='ltr'><strong><em>ἐτι</em></strong></span> <span class='ocrx_word' id='word_1_49' title='bbox 505 974 549 1053; x_wconf 80' lang='grc' dir='ltr'>οῦς</span> <span class='ocrx_word' id='word_1_50' title='bbox 575 976 654 1054; x_wconf 83' lang='grc' dir='ltr'><strong><em>εέκός</em></strong></span> <span class='ocrx_word' id='word_1_51' title='bbox 674 973 894 1064; x_wconf 83' lang='grc' dir='ltr'><strong><em>ῦφοριόμενος,</em></strong></span> <span class='ocrx_word' id='word_1_52' title='bbox 927 974 986 1042; x_wconf 72' lang='grc' dir='ltr'><strong><em>τότε</em></strong></span> <span class='ocrx_word' id='word_1_53' title='bbox 1010 975 1066 1061; x_wconf 81' lang='grc' dir='ltr'>τὴν</span> <span class='ocrx_word' id='word_1_54' title='bbox 1087 975 1340 1057; x_wconf 63' lang='lat' dir='ltr'>&amp;adpendices</span> 
     </span>
     <span class='ocr_line' id='line_1_7' title="bbox 207 1076 1400 1174; baseline -0.008 -23"><span class='ocrx_word' id='word_1_55' title='bbox 207 1082 362 1167; x_wconf 72' lang='grc' dir='ltr'><strong><em>εὐμένειαν</em></strong></span> <span class='ocrx_word' id='word_1_56' title='bbox 375 1076 655 1166; x_wconf 85' lang='grc' dir='ltr'><strong><em>προσποιοάμενος,</em></strong></span> <span class='ocrx_word' id='word_1_57' title='bbox 683 1082 734 1146; x_wconf 81' lang='grc' dir='ltr'>καλ</span> <span class='ocrx_word' id='word_1_58' title='bbox 754 1079 881 1163; x_wconf 79' lang='grc' dir='ltr'><strong><em>πέμψας</em></strong></span> <span class='ocrx_word' id='word_1_59' title='bbox 897 1077 964 1166; x_wconf 80' lang='grc' dir='ltr'><strong><em>ᾔτει</em></strong></span> <span class='ocrx_word' id='word_1_60' title='bbox 983 1077 1114 1174; x_wconf 73' lang='grc' dir='ltr'><strong><em>βασιλέα</em></strong></span> <span class='ocrx_word' id='word_1_61' title='bbox 1127 1077 1163 1146; x_wconf 83' lang='grc' dir='ltr'><strong><em>τό</em></strong></span> <span class='ocrx_word' id='word_1_62' title='bbox 1177 1084 1240 1144; x_wconf 82' lang='grc' dir='ltr'>τῶν</span> <span class='ocrx_word' id='word_1_63' title='bbox 1253 1104 1315 1170; x_wconf 79' lang='grc' dir='ltr'>πο-</span> <span class='ocrx_word' id='word_1_64' title='bbox 1394 1100 1400 1105; x_wconf 92' lang='grc'><em>·</em></span> 
     </span>
     <span class='ocr_line' id='line_1_8' title="bbox 178 1178 1314 1270; baseline -0.006 -16"><span class='ocrx_word' id='word_1_65' title='bbox 178 1249 185 1260; x_wconf 88' lang='grc'><strong><em>,</em></strong></span> <span class='ocrx_word' id='word_1_66' title='bbox 205 1192 315 1270; x_wconf 80' lang='grc' dir='ltr'><strong><em>τομῶν</em></strong></span> <span class='ocrx_word' id='word_1_67' title='bbox 330 1180 496 1270; x_wconf 78' lang='grc' dir='ltr'><strong><em>μεσόγαιον</em></strong></span> <span class='ocrx_word' id='word_1_68' title='bbox 508 1183 567 1249; x_wconf 72' lang='lat' dir='ltr'>dud</span> <span class='ocrx_word' id='word_1_69' title='bbox 584 1178 739 1270; x_wconf 78' lang='grc' dir='ltr'><strong><em>Σάγγαριν</em></strong></span> <span class='ocrx_word' id='word_1_70' title='bbox 746 1233 757 1264; x_wconf 94' lang='grc'><strong><em>,</em></strong></span> <span class='ocrx_word' id='word_1_71' title='bbox 785 1178 1115 1268; x_wconf 72' lang='grc' dir='ltr'><strong><em>Μεσονῆσιονέτόμως</em></strong></span> <span class='ocrx_word' id='word_1_72' title='bbox 1129 1180 1314 1263; x_wconf 80' lang='grc' dir='ltr'><strong><em>ὠνομασμέ-</em></strong></span> 
     </span>
     <span class='ocr_line' id='line_1_9' title="bbox 205 1279 1316 1376; baseline -0.008 -18"><span class='ocrx_word' id='word_1_73' title='bbox 205 1317 276 1370; x_wconf 91' lang='grc' dir='ltr'><strong><em>νον,</em></strong></span> <span class='ocrx_word' id='word_1_74' title='bbox 304 1287 359 1374; x_wconf 80' lang='grc' dir='ltr'>ἐφ’</span> <span class='ocrx_word' id='word_1_75' title='bbox 375 1279 458 1376; x_wconf 75' lang='grc' dir='ltr'><strong><em>ᾧπερ</em></strong></span> <span class='ocrx_word' id='word_1_76' title='bbox 471 1298 536 1364; x_wconf 79' lang='grc' dir='ltr'><strong><em>τοῖς</em></strong></span> <span class='ocrx_word' id='word_1_77' title='bbox 553 1289 644 1364; x_wconf 82' lang='grc' dir='ltr'><strong><em>ἐδέοις</em></strong></span> <span class='ocrx_word' id='word_1_78' title='bbox 662 1283 910 1371; x_wconf 71' lang='grc' dir='ltr'><strong><em>οέιιηθησόμενον</em></strong></span> <span class='ocrx_word' id='word_1_79' title='bbox 928 1297 995 1362; x_wconf 79' lang='grc' dir='ltr'><strong><em>τοῖς</em></strong></span> <span class='ocrx_word' id='word_1_80' title='bbox 1014 1284 1099 1361; x_wconf 85' lang='grc' dir='ltr'><strong><em>ἐντός</em></strong></span> <span class='ocrx_word' id='word_1_81' title='bbox 1120 1288 1255 1350; x_wconf 75' lang='grc' dir='ltr'>οἰκοῦσιν</span> <span class='ocrx_word' id='word_1_82' title='bbox 1269 1287 1316 1361; x_wconf 83' lang='grc' dir='ltr'>εές</span> 
     </span>
     <span class='ocr_line' id='line_1_10' title="bbox 207 1385 1315 1482; baseline -0.005 -24"><span class='ocrx_word' id='word_1_83' title='bbox 207 1391 349 1482; x_wconf 78' lang='grc' dir='ltr'><strong><em>φυλακὴν</em></strong></span> <span class='ocrx_word' id='word_1_84' title='bbox 363 1392 472 1472; x_wconf 75' lang='grc' dir='ltr'><strong><em>νέοιτο.</em></strong></span> <span class='ocrx_word' id='word_1_85' title='bbox 523 1388 683 1457; x_wconf 71' lang='grc' dir='ltr'><strong><em>ἀλλοιῶν</em></strong></span> <span class='ocrx_word' id='word_1_86' title='bbox 704 1385 856 1456; x_wconf 85' lang='grc' dir='ltr'><strong><em>τσιοότων</em></strong></span> <span class='ocrx_word' id='word_1_87' title='bbox 878 1388 953 1466; x_wconf 88' lang='grc' dir='ltr'><strong><em>τέως</em></strong></span> <span class='ocrx_word' id='word_1_88' title='bbox 969 1388 1204 1475; x_wconf 89' lang='grc' dir='ltr'><strong><em>άνηρτημένων,</em></strong></span> <span class='ocrx_word' id='word_1_89' title='bbox 1231 1389 1315 1464; x_wconf 85' lang='grc' dir='ltr'><strong><em>τινές</em></strong></span> 
     </span>
     <span class='ocr_line' id='line_1_11' title="bbox 169 1488 1357 1577; baseline -0.001 -15"><span class='ocrx_word' id='word_1_90' title='bbox 169 1503 272 1564; x_wconf 76' lang='lat' dir='ltr'>Dacis</span> <span class='ocrx_word' id='word_1_91' title='bbox 296 1495 410 1560; x_wconf 70' lang='grc' dir='ltr'><strong><em>ἐκεῖνον</em></strong></span> <span class='ocrx_word' id='word_1_92' title='bbox 431 1491 506 1559; x_wconf 74' lang='grc' dir='ltr'><strong><em>κατ’</em></strong></span> <span class='ocrx_word' id='word_1_93' title='bbox 529 1491 686 1577; x_wconf 84' lang='grc' dir='ltr'><strong><em>οῦλομοός</em></strong></span> <span class='ocrx_word' id='word_1_94' title='bbox 708 1493 898 1569; x_wconf 71' lang='grc' dir='ltr'><strong><em>διεκθέοντες</em></strong></span> <span class='ocrx_word' id='word_1_95' title='bbox 924 1493 1019 1560; x_wconf 76' lang='grc' dir='ltr'><strong><em>κακόν</em></strong></span> <span class='ocrx_word' id='word_1_96' title='bbox 1049 1488 1217 1574; x_wconf 83' lang='grc' dir='ltr'><strong><em>άπάντημοι</em></strong></span> <span class='ocrx_word' id='word_1_97' title='bbox 1234 1489 1357 1561; x_wconf 80' lang='lat' dir='ltr'>‘Pur-1⁰</span> 
     </span>
     <span class='ocr_line' id='line_1_12' title="bbox 205 1591 1312 1684; baseline -0.008 -17"><span class='ocrx_word' id='word_1_98' title='bbox 205 1600 311 1684; x_wconf 85' lang='grc' dir='ltr'><strong><em>μαέοις</em></strong></span> <span class='ocrx_word' id='word_1_99' title='bbox 332 1600 374 1674; x_wconf 75' lang='grc' dir='ltr'>εἰς</span> <span class='ocrx_word' id='word_1_100' title='bbox 394 1595 546 1683; x_wconf 71' lang='grc' dir='ltr'><strong><em>τρυγητὸν</em></strong></span> <span class='ocrx_word' id='word_1_101' title='bbox 570 1599 684 1674; x_wconf 88' lang='grc' dir='ltr'><strong><em>ἐξιοῦσι</em></strong></span> <span class='ocrx_word' id='word_1_102' title='bbox 711 1603 774 1663; x_wconf 83' lang='grc' dir='ltr'>τῶν</span> <span class='ocrx_word' id='word_1_103' title='bbox 798 1595 1037 1682; x_wconf 83' lang='grc' dir='ltr'><strong><em>άτημιλημένων</em></strong></span> <span class='ocrx_word' id='word_1_104' title='bbox 1059 1591 1225 1678; x_wconf 76' lang='grc' dir='ltr'><strong><em>κτημάτων</em></strong></span> <span class='ocrx_word' id='word_1_105' title='bbox 1249 1596 1312 1680; x_wconf 75' lang='lat' dir='ltr'>dyi-</span> 
     </span>
     <span class='ocr_line' id='line_1_13' title="bbox 206 1691 1314 1786; baseline -0.004 -18"><span class='ocrx_word' id='word_1_106' title='bbox 206 1727 307 1769; x_wconf 86' lang='grc' dir='ltr'><strong><em>νοντο.</em></strong></span> <span class='ocrx_word' id='word_1_107' title='bbox 359 1691 440 1784; x_wconf 79' lang='grc' dir='ltr'><strong><em>ἦσαν</em></strong></span> <span class='ocrx_word' id='word_1_108' title='bbox 453 1699 515 1786; x_wconf 75' lang='grc' dir='ltr'>γάρ</span> <span class='ocrx_word' id='word_1_109' title='bbox 527 1700 671 1767; x_wconf 73' lang='grc' dir='ltr'><strong><em>ἐντεῦθεν</em></strong></span> <span class='ocrx_word' id='word_1_110' title='bbox 684 1699 724 1766; x_wconf 85' lang='grc' dir='ltr'><strong><em>τά</em></strong></span> <span class='ocrx_word' id='word_1_111' title='bbox 743 1697 900 1785; x_wconf 79' lang='grc' dir='ltr'><strong><em>πρόστιμα</em></strong></span> <span class='ocrx_word' id='word_1_112' title='bbox 923 1707 987 1766; x_wconf 88' lang='grc' dir='ltr'>τῶν</span> <span class='ocrx_word' id='word_1_113' title='bbox 999 1694 1181 1766; x_wconf 71' lang='grc' dir='ltr'><strong><em>ἑαλωκότων</em></strong></span> <span class='ocrx_word' id='word_1_114' title='bbox 1197 1705 1314 1784; x_wconf 81' lang='grc' dir='ltr'><strong><em>φωρῶν</em></strong></span> 
     </span>
     <span class='ocr_line' id='line_1_14' title="bbox 205 1795 1314 1892; baseline -0.005 -21"><span class='ocrx_word' id='word_1_115' title='bbox 205 1803 351 1892; x_wconf 80' lang='grc' dir='ltr'><strong><em>άντιιιρος</em></strong></span> <span class='ocrx_word' id='word_1_116' title='bbox 365 1797 552 1886; x_wconf 86' lang='grc' dir='ltr'><strong><em>πρόστιμα,</em></strong></span> <span class='ocrx_word' id='word_1_117' title='bbox 569 1805 597 1869; x_wconf 77' lang='lat' dir='ltr'>ei</span> <span class='ocrx_word' id='word_1_118' title='bbox 607 1809 665 1888; x_wconf 77' lang='grc' dir='ltr'><strong><em>γῆν</em></strong></span> <span class='ocrx_word' id='word_1_119' title='bbox 676 1802 715 1887; x_wconf 76' lang='grc' dir='ltr'><strong><em>ἣν</em></strong></span> <span class='ocrx_word' id='word_1_120' title='bbox 731 1802 783 1868; x_wconf 77' lang='grc' dir='ltr'>διά</span> <span class='ocrx_word' id='word_1_121' title='bbox 796 1795 926 1886; x_wconf 78' lang='grc' dir='ltr'><strong><em>σπάθης</em></strong></span> <span class='ocrx_word' id='word_1_122' title='bbox 944 1799 1112 1887; x_wconf 71' lang='grc' dir='ltr'><strong><em>ἐκτήσαντο</em></strong></span> <span class='ocrx_word' id='word_1_123' title='bbox 1126 1803 1233 1868; x_wconf 77' lang='grc' dir='ltr'><strong><em>ἐκεῖνοι</em></strong></span> <span class='ocrx_word' id='word_1_124' title='bbox 1247 1828 1314 1866; x_wconf 85' lang='grc' dir='ltr'>πα-</span> 
     </span>
     <span class='ocr_line' id='line_1_15' title="bbox 204 1901 1313 1992; baseline -0.004 -18"><span class='ocrx_word' id='word_1_125' title='bbox 204 1917 286 1974; x_wconf 84' lang='grc' dir='ltr'><strong><em>τοΐεν</em></strong></span> <span class='ocrx_word' id='word_1_126' title='bbox 303 1907 355 1972; x_wconf 68' lang='grc' dir='ltr'>καὶ</span> <span class='ocrx_word' id='word_1_127' title='bbox 372 1905 412 1971; x_wconf 81' lang='grc' dir='ltr'><strong><em>τά</em></strong></span> <span class='ocrx_word' id='word_1_128' title='bbox 431 1907 538 1991; x_wconf 83' lang='grc' dir='ltr'><strong><em>σφέσιν</em></strong></span> <span class='ocrx_word' id='word_1_129' title='bbox 557 1908 592 1972; x_wconf 85' lang='grc' dir='ltr'>ἐκ</span> <span class='ocrx_word' id='word_1_130' title='bbox 613 1902 985 1992; x_wconf 76' lang='grc' dir='ltr'><strong><em>πολέμοσπεριγεγονότα</em></strong></span> <span class='ocrx_word' id='word_1_131' title='bbox 999 1907 1205 1992; x_wconf 80' lang='grc' dir='ltr'><strong><em>καρπόζοιντο.</em></strong></span> <span class='ocrx_word' id='word_1_132' title='bbox 1258 1901 1313 1971; x_wconf 77' lang='lat' dir='ltr'>deri</span> 
     </span>
     <span class='ocr_line' id='line_1_16' title="bbox 206 2007 1357 2096; baseline 0 -18"><span class='ocrx_word' id='word_1_133' title='bbox 206 2036 255 2078; x_wconf 91' lang='grc' dir='ltr'><strong><em>τοι</em></strong></span> <span class='ocrx_word' id='word_1_134' title='bbox 269 2015 371 2076; x_wconf 87' lang='grc' dir='ltr'><strong><em>ταῦτα</em></strong></span> <span class='ocrx_word' id='word_1_135' title='bbox 386 2012 439 2074; x_wconf 77' lang='lat' dir='ltr'>uui</span> <span class='ocrx_word' id='word_1_136' title='bbox 450 2008 595 2093; x_wconf 80' lang='grc' dir='ltr'><strong><em>μαχητάς</em></strong></span> <span class='ocrx_word' id='word_1_137' title='bbox 614 2007 822 2094; x_wconf 73' lang='grc' dir='ltr'><strong><em>μεσθοῦμενοι</em></strong></span> <span class='ocrx_word' id='word_1_138' title='bbox 838 2007 1002 2096; x_wconf 75' lang='grc' dir='ltr'><strong><em>ἄνθρωποι</em></strong></span> <span class='ocrx_word' id='word_1_139' title='bbox 1016 2008 1253 2090; x_wconf 74' lang='grc' dir='ltr'><strong><em>ἀποτολμῶντες</em></strong></span> <span class='ocrx_word' id='word_1_140' title='bbox 1270 2007 1311 2074; x_wconf 83' lang='grc' dir='ltr'><strong><em>τά</em></strong></span> <span class='ocrx_word' id='word_1_141' title='bbox 1321 2022 1357 2078; x_wconf 81' lang='grc'>15</span> 
     </span>
     <span class='ocr_line' id='line_1_17' title="bbox 166 2103 1313 2200; baseline 0.003 -25"><span class='ocrx_word' id='word_1_142' title='bbox 166 2121 192 2175; x_wconf 79' lang='grc' dir='ltr'>λλ</span> <span class='ocrx_word' id='word_1_143' title='bbox 209 2109 376 2196; x_wconf 78' lang='grc' dir='ltr'><strong><em>θαλάσσης</em></strong></span> <span class='ocrx_word' id='word_1_144' title='bbox 392 2111 479 2198; x_wconf 67' lang='grc' dir='ltr'><strong><em>ἐγηῦς</em></strong></span> <span class='ocrx_word' id='word_1_145' title='bbox 496 2114 717 2200; x_wconf 78' lang='grc' dir='ltr'><strong><em>ἐπιχειροῦντες</em></strong></span> <span class='ocrx_word' id='word_1_146' title='bbox 732 2114 902 2198; x_wconf 74' lang='grc' dir='ltr'><strong><em>δρέπεσθαι</em></strong></span> <span class='ocrx_word' id='word_1_147' title='bbox 908 2161 919 2192; x_wconf 95' lang='grc'><strong><em>,</em></strong></span> <span class='ocrx_word' id='word_1_148' title='bbox 946 2103 984 2178; x_wconf 77' lang='grc' dir='ltr'>οῦ</span> <span class='ocrx_word' id='word_1_149' title='bbox 997 2113 1054 2194; x_wconf 82' lang='grc' dir='ltr'><strong><em>μέν</em></strong></span> <span class='ocrx_word' id='word_1_150' title='bbox 1075 2107 1313 2196; x_wconf 81' lang='grc' dir='ltr'><strong><em>ηόστόχοννιιαλ</em></strong></span> 
     </span>
     <span class='ocr_line' id='line_1_18' title="bbox 203 2210 1184 2303; baseline -0.003 -19"><span class='ocrx_word' id='word_1_151' title='bbox 203 2215 439 2303; x_wconf 82' lang='grc' dir='ltr'><strong><em>άπεκέρόαινον,</em></strong></span> <span class='ocrx_word' id='word_1_152' title='bbox 466 2215 506 2281; x_wconf 83' lang='grc' dir='ltr'><strong><em>τά</em></strong></span> <span class='ocrx_word' id='word_1_153' title='bbox 521 2223 650 2282; x_wconf 76' lang='grc' dir='ltr'><strong><em>πλεῖστα</em></strong></span> <span class='ocrx_word' id='word_1_154' title='bbox 665 2215 696 2281; x_wconf 89' lang='lat' dir='ltr'>d’</span> <span class='ocrx_word' id='word_1_155' title='bbox 711 2213 903 2302; x_wconf 78' lang='grc' dir='ltr'><strong><em>ἐσφάλλοντο</em></strong></span> <span class='ocrx_word' id='word_1_156' title='bbox 918 2217 969 2281; x_wconf 76' lang='grc' dir='ltr'>καὶ</span> <span class='ocrx_word' id='word_1_157' title='bbox 982 2210 1184 2302; x_wconf 81' lang='grc' dir='ltr'><strong><em>ἐσφάττοντο.</em></strong></span> 
     </span>
     <span class='ocr_line' id='line_1_19' title="bbox 306 2315 1325 2407; baseline -0.003 -20"><span class='ocrx_word' id='word_1_158' title='bbox 306 2320 372 2387; x_wconf 76' lang='grc' dir='ltr'>Καὶ</span> <span class='ocrx_word' id='word_1_159' title='bbox 387 2323 488 2384; x_wconf 89' lang='grc' dir='ltr'><strong><em>ταῦτα</em></strong></span> <span class='ocrx_word' id='word_1_160' title='bbox 498 2319 555 2402; x_wconf 88' lang='grc' dir='ltr'><strong><em>μέν</em></strong></span> <span class='ocrx_word' id='word_1_161' title='bbox 571 2320 660 2397; x_wconf 82' lang='grc' dir='ltr'><strong><em>ἐκτός</em></strong></span> <span class='ocrx_word' id='word_1_162' title='bbox 672 2325 729 2404; x_wconf 79' lang='grc' dir='ltr'><strong><em>τῆς</em></strong></span> <span class='ocrx_word' id='word_1_163' title='bbox 742 2321 982 2387; x_wconf 83' lang='grc' dir='ltr'><strong><em>Κωνστοντένοο</em></strong></span> <span class='ocrx_word' id='word_1_164' title='bbox 995 2315 1196 2407; x_wconf 85' lang='grc' dir='ltr'><strong><em>ἐπράττοντο,</em></strong></span> <span class='ocrx_word' id='word_1_165' title='bbox 1222 2316 1325 2395; x_wconf 64' lang='grc' dir='ltr'>ἐντόςῐ</span> 
     </span>
    </p>
   </div>
   <div class='ocr_carea' id='block_1_3' title="bbox 142 2515 1312 4452">
    <p class='ocr_par' dir='ltr' id='par_1_3' title="bbox 196 2515 1312 3828">
     <span class='ocr_line' id='line_1_20' title="bbox 200 2515 1312 2600; baseline -0.002 -29"><span class='ocrx_word' id='word_1_166' title='bbox 200 2535 234 2571; x_wconf 84' lang='lat' dir='ltr'>ex</span> <span class='ocrx_word' id='word_1_167' title='bbox 250 2517 311 2571; x_wconf 70' lang='grc' dir='ltr'><strong><em>πολι</em></strong></span> <span class='ocrx_word' id='word_1_168' title='bbox 326 2516 420 2584; x_wconf 72' lang='lat' dir='ltr'>legatis</span> <span class='ocrx_word' id='word_1_169' title='bbox 437 2516 580 2586; x_wconf 72' lang='lat' dir='ltr'>significate</span> <span class='ocrx_word' id='word_1_170' title='bbox 597 2533 645 2600; x_wconf 89' lang='lat' dir='ltr'>per</span> <span class='ocrx_word' id='word_1_171' title='bbox 662 2516 782 2571; x_wconf 75' lang='lat' dir='ltr'>civitates</span> <span class='ocrx_word' id='word_1_172' title='bbox 797 2523 855 2584; x_wconf 84' lang='lat' dir='ltr'>est,</span> <span class='ocrx_word' id='word_1_173' title='bbox 882 2518 977 2570; x_wconf 84' lang='lat' dir='ltr'>luctum</span> <span class='ocrx_word' id='word_1_174' title='bbox 1002 2517 1098 2587; x_wconf 84' lang='lat' dir='ltr'>passim</span> <span class='ocrx_word' id='word_1_175' title='bbox 1114 2517 1244 2584; x_wconf 82' lang='lat' dir='ltr'>ingentem</span> <span class='ocrx_word' id='word_1_176' title='bbox 1261 2515 1312 2569; x_wconf 91' lang='lat' dir='ltr'>de·</span> 
     </span>
     <span class='ocr_line' id='line_1_21' title="bbox 199 2584 1312 2658; baseline 0.001 -19"><span class='ocrx_word' id='word_1_177' title='bbox 199 2585 361 2640; x_wconf 76' lang='lat' dir='ltr'>clarentibus</span> <span class='ocrx_word' id='word_1_178' title='bbox 377 2587 499 2655; x_wconf 83' lang='lat' dir='ltr'>setrupis,</span> <span class='ocrx_word' id='word_1_179' title='bbox 517 2603 582 2655; x_wconf 87' lang='lat' dir='ltr'>quus</span> <span class='ocrx_word' id='word_1_180' title='bbox 598 2593 751 2656; x_wconf 73' lang='lat' dir='ltr'>imperator,</span> <span class='ocrx_word' id='word_1_181' title='bbox 768 2587 903 2641; x_wconf 84' lang='lat' dir='ltr'>destinetis</span> <span class='ocrx_word' id='word_1_182' title='bbox 921 2587 954 2639; x_wconf 95' lang='lat' dir='ltr'>ad</span> <span class='ocrx_word' id='word_1_183' title='bbox 971 2602 1174 2658; x_wconf 86' lang='lat' dir='ltr'>unumquemque</span> <span class='ocrx_word' id='word_1_184' title='bbox 1190 2584 1230 2638; x_wconf 90' lang='lat' dir='ltr'>sui</span> <span class='ocrx_word' id='word_1_185' title='bbox 1246 2585 1312 2640; x_wconf 81' lang='lat' dir='ltr'>tatis</span> 
     </span>
     <span class='ocr_line' id='line_1_22' title="bbox 200 2653 1312 2724; baseline 0.002 -18"><span class='ocrx_word' id='word_1_186' title='bbox 200 2653 385 2724; x_wconf 76' lang='lat' dir='ltr'>interpretibus</span> <span class='ocrx_word' id='word_1_187' title='bbox 401 2654 497 2719; x_wconf 83' lang='lat' dir='ltr'>officii,</span> <span class='ocrx_word' id='word_1_188' title='bbox 521 2654 646 2707; x_wconf 86' lang='lat' dir='ltr'>consolari</span> <span class='ocrx_word' id='word_1_189' title='bbox 670 2655 812 2708; x_wconf 74' lang='lat' dir='ltr'>humaniter</span> <span class='ocrx_word' id='word_1_190' title='bbox 835 2657 943 2710; x_wconf 86' lang='lat' dir='ltr'>studuit.</span> <span class='ocrx_word' id='word_1_191' title='bbox 977 2655 1038 2709; x_wconf 85' lang='lat' dir='ltr'>iliud</span> <span class='ocrx_word' id='word_1_192' title='bbox 1063 2663 1123 2708; x_wconf 89' lang='lat' dir='ltr'>tune</span> <span class='ocrx_word' id='word_1_193' title='bbox 1145 2671 1193 2708; x_wconf 86' lang='lat' dir='ltr'>non</span> <span class='ocrx_word' id='word_1_194' title='bbox 1210 2653 1312 2708; x_wconf 80' lang='lat' dir='ltr'>iucem-</span> 
     </span>
     <span class='ocr_line' id='line_1_23' title="bbox 198 2721 1311 2794; baseline 0.001 -19"><span class='ocrx_word' id='word_1_195' title='bbox 198 2722 274 2776; x_wconf 85' lang='lat' dir='ltr'>mcde</span> <span class='ocrx_word' id='word_1_196' title='bbox 290 2729 395 2791; x_wconf 88' lang='lat' dir='ltr'>praeter</span> <span class='ocrx_word' id='word_1_197' title='bbox 411 2739 482 2792; x_wconf 85' lang='lat' dir='ltr'>spem</span> <span class='ocrx_word' id='word_1_198' title='bbox 501 2723 616 2790; x_wconf 83' lang='lat' dir='ltr'>contigit,</span> <span class='ocrx_word' id='word_1_199' title='bbox 632 2723 771 2787; x_wconf 72' lang='lat' dir='ltr'>dinarium,</span> <span class='ocrx_word' id='word_1_200' title='bbox 788 2742 862 2794; x_wconf 78' lang='lat' dir='ltr'>quent</span> <span class='ocrx_word' id='word_1_201' title='bbox 879 2725 934 2778; x_wconf 82' lang='lat' dir='ltr'>suia</span> <span class='ocrx_word' id='word_1_202' title='bbox 952 2725 1064 2778; x_wconf 78' lang='lat' dir='ltr'>Cesanis</span> <span class='ocrx_word' id='word_1_203' title='bbox 1080 2721 1224 2776; x_wconf 85' lang='lat' dir='ltr'>reverentia</span> <span class='ocrx_word' id='word_1_204' title='bbox 1241 2740 1311 2791; x_wconf 85' lang='lat' dir='ltr'>psu-</span> 
     </span>
     <span class='ocr_line' id='line_1_24' title="bbox 199 2791 1311 2859; baseline 0.002 -15"><span class='ocrx_word' id='word_1_205' title='bbox 199 2791 277 2844; x_wconf 85' lang='lat' dir='ltr'>iuium</span> <span class='ocrx_word' id='word_1_206' title='bbox 302 2797 379 2844; x_wconf 84' lang='lat' dir='ltr'>antee</span> <span class='ocrx_word' id='word_1_207' title='bbox 400 2808 544 2859; x_wconf 85' lang='lat' dir='ltr'>repressum</span> <span class='ocrx_word' id='word_1_208' title='bbox 568 2791 634 2844; x_wconf 86' lang='lat' dir='ltr'>baud</span> <span class='ocrx_word' id='word_1_209' title='bbox 659 2809 740 2846; x_wconf 83' lang='lat' dir='ltr'>venus</span> <span class='ocrx_word' id='word_1_210' title='bbox 763 2801 820 2846; x_wconf 84' lang='lat' dir='ltr'>eret</span> <span class='ocrx_word' id='word_1_211' title='bbox 843 2801 924 2846; x_wconf 87' lang='lat' dir='ltr'>metus</span> <span class='ocrx_word' id='word_1_212' title='bbox 949 2813 979 2847; x_wconf 84' lang='lat' dir='ltr'>ec</span> <span class='ocrx_word' id='word_1_213' title='bbox 996 2794 1097 2847; x_wconf 86' lang='lat' dir='ltr'>subiato</span> <span class='ocrx_word' id='word_1_214' title='bbox 1113 2793 1257 2845; x_wconf 81' lang='lat' dir='ltr'>rediturum</span> <span class='ocrx_word' id='word_1_215' title='bbox 1274 2793 1311 2846; x_wconf 87' lang='lat' dir='ltr'>ed</span> 
     </span>
     <span class='ocr_line' id='line_1_25' title="bbox 199 2859 1311 2932; baseline 0.003 -20"><span class='ocrx_word' id='word_1_216' title='bbox 199 2859 344 2928; x_wconf 73' lang='lat' dir='ltr'>ingenium,</span> <span class='ocrx_word' id='word_1_217' title='bbox 361 2861 491 2913; x_wconf 81' lang='lat' dir='ltr'>continere</span> <span class='ocrx_word' id='word_1_218' title='bbox 508 2877 565 2913; x_wconf 81' lang='lat' dir='ltr'>sese</span> <span class='ocrx_word' id='word_1_219' title='bbox 583 2867 667 2913; x_wconf 85' lang='lat' dir='ltr'>tesnen</span> <span class='ocrx_word' id='word_1_220' title='bbox 684 2869 713 2914; x_wconf 88' lang='lat' dir='ltr'>st</span> <span class='ocrx_word' id='word_1_221' title='bbox 729 2864 801 2932; x_wconf 77' lang='lat' dir='ltr'>pacis</span> <span class='ocrx_word' id='word_1_222' title='bbox 817 2863 971 2916; x_wconf 77' lang='lat' dir='ltr'>voluntatem</span> <span class='ocrx_word' id='word_1_223' title='bbox 989 2879 1053 2930; x_wconf 82' lang='lat' dir='ltr'>pres</span> <span class='ocrx_word' id='word_1_224' title='bbox 1070 2878 1100 2914; x_wconf 89' lang='lat' dir='ltr'>se</span> <span class='ocrx_word' id='word_1_225' title='bbox 1117 2863 1200 2926; x_wconf 85' lang='lat' dir='ltr'>ierre,</span> <span class='ocrx_word' id='word_1_226' title='bbox 1218 2861 1276 2914; x_wconf 86' lang='lat' dir='ltr'>sive</span> <span class='ocrx_word' id='word_1_227' title='bbox 1293 2878 1311 2915; x_wconf 82' lang='lat' dir='ltr'>e</span> 
     </span>
     <span class='ocr_line' id='line_1_26' title="bbox 201 2929 1312 3000; baseline 0.002 -18"><span class='ocrx_word' id='word_1_228' title='bbox 201 2929 361 2998; x_wconf 85' lang='lat' dir='ltr'>Carmpanta</span> <span class='ocrx_word' id='word_1_229' title='bbox 377 2929 475 2994; x_wconf 85' lang='lat' dir='ltr'>timuit,</span> <span class='ocrx_word' id='word_1_230' title='bbox 492 2931 537 3000; x_wconf 91' lang='lat' dir='ltr'>qui</span> <span class='ocrx_word' id='word_1_231' title='bbox 553 2930 699 2983; x_wconf 70' lang='lat' dir='ltr'>foederibus</span> <span class='ocrx_word' id='word_1_232' title='bbox 716 2949 732 2984; x_wconf 84' lang='lat' dir='ltr'>a</span> <span class='ocrx_word' id='word_1_233' title='bbox 751 2932 854 2984; x_wconf 72' lang='lat' dir='ltr'>Carene</span> <span class='ocrx_word' id='word_1_234' title='bbox 873 2932 956 2984; x_wconf 81' lang='lat' dir='ltr'>fratre</span> <span class='ocrx_word' id='word_1_235' title='bbox 979 2931 1048 2985; x_wconf 88' lang='lat' dir='ltr'>initis</span> <span class='ocrx_word' id='word_1_236' title='bbox 1065 2929 1147 2994; x_wconf 86' lang='lat' dir='ltr'>(inter</span> <span class='ocrx_word' id='word_1_237' title='bbox 1162 2946 1229 3000; x_wconf 88' lang='lat' dir='ltr'>quse</span> <span class='ocrx_word' id='word_1_238' title='bbox 1247 2935 1312 2984; x_wconf 82' lang='lat' dir='ltr'>netu</span> 
     </span>
     <span class='ocr_line' id='line_1_27' title="bbox 199 2997 1311 3068; baseline 0.001 -17"><span class='ocrx_word' id='word_1_239' title='bbox 199 3005 260 3052; x_wconf 82' lang='lat' dir='ltr'>erat</span> <span class='ocrx_word' id='word_1_240' title='bbox 279 3015 335 3051; x_wconf 87' lang='lat' dir='ltr'>cum</span> <span class='ocrx_word' id='word_1_241' title='bbox 352 2997 506 3068; x_wconf 75' lang='lat' dir='ltr'>imperatore</span> <span class='ocrx_word' id='word_1_242' title='bbox 525 2999 674 3068; x_wconf 82' lang='lat' dir='ltr'>conventio)</span> <span class='ocrx_word' id='word_1_243' title='bbox 690 3009 761 3053; x_wconf 82' lang='lat' dir='ltr'>sture</span> <span class='ocrx_word' id='word_1_244' title='bbox 779 3019 809 3054; x_wconf 89' lang='lat' dir='ltr'>se</span> <span class='ocrx_word' id='word_1_245' title='bbox 825 2999 890 3052; x_wconf 73' lang='lat' dir='ltr'>velle</span> <span class='ocrx_word' id='word_1_246' title='bbox 907 3000 1099 3064; x_wconf 74' lang='lat' dir='ltr'>declaraverat,</span> <span class='ocrx_word' id='word_1_247' title='bbox 1125 2999 1180 3052; x_wconf 82' lang='lat' dir='ltr'>sive</span> <span class='ocrx_word' id='word_1_248' title='bbox 1197 2999 1311 3068; x_wconf 88' lang='lat' dir='ltr'>irnpera·</span> 
     </span>
     <span class='ocr_line' id='line_1_28' title="bbox 200 3067 1311 3138; baseline 0.002 -18"><span class='ocrx_word' id='word_1_249' title='bbox 200 3067 265 3121; x_wconf 86' lang='lat' dir='ltr'>turis</span> <span class='ocrx_word' id='word_1_250' title='bbox 282 3067 391 3138; x_wconf 84' lang='lat' dir='ltr'>gretiam</span> <span class='ocrx_word' id='word_1_251' title='bbox 414 3068 446 3121; x_wconf 87' lang='lat' dir='ltr'>ad</span> <span class='ocrx_word' id='word_1_252' title='bbox 466 3085 530 3121; x_wconf 88' lang='lat' dir='ltr'>sues</span> <span class='ocrx_word' id='word_1_253' title='bbox 547 3068 596 3122; x_wconf 85' lang='lat' dir='ltr'>sibi</span> <span class='ocrx_word' id='word_1_254' title='bbox 613 3069 678 3121; x_wconf 85' lang='lat' dir='ltr'>fines</span> <span class='ocrx_word' id='word_1_255' title='bbox 700 3069 786 3122; x_wconf 80' lang='lat' dir='ltr'>utilem</span> <span class='ocrx_word' id='word_1_256' title='bbox 802 3069 945 3122; x_wconf 79' lang='lat' dir='ltr'>affectavit.</span> <span class='ocrx_word' id='word_1_257' title='bbox 980 3069 1064 3122; x_wconf 86' lang='lat' dir='ltr'>ruissis</span> <span class='ocrx_word' id='word_1_258' title='bbox 1081 3068 1123 3121; x_wconf 90' lang='lat' dir='ltr'>bic</span> <span class='ocrx_word' id='word_1_259' title='bbox 1140 3069 1220 3137; x_wconf 81' lang='lat' dir='ltr'>igitur</span> <span class='ocrx_word' id='word_1_260' title='bbox 1235 3069 1311 3137; x_wconf 80' lang='lat' dir='ltr'>iege-</span> 
     </span>
     <span class='ocr_line' id='line_1_29' title="bbox 201 3135 1312 3208; baseline 0.001 -19"><span class='ocrx_word' id='word_1_261' title='bbox 201 3137 236 3189; x_wconf 84' lang='lat' dir='ltr'>tis</span> <span class='ocrx_word' id='word_1_262' title='bbox 253 3139 286 3189; x_wconf 86' lang='lat' dir='ltr'>eb</span> <span class='ocrx_word' id='word_1_263' title='bbox 303 3137 459 3206; x_wconf 84' lang='lat' dir='ltr'>inperatore</span> <span class='ocrx_word' id='word_1_264' title='bbox 476 3137 551 3206; x_wconf 91' lang='lat' dir='ltr'>petiit</span> <span class='ocrx_word' id='word_1_265' title='bbox 567 3138 672 3191; x_wconf 82' lang='lat' dir='ltr'>concedi</span> <span class='ocrx_word' id='word_1_266' title='bbox 689 3137 739 3191; x_wconf 89' lang='lat' dir='ltr'>sibi</span> <span class='ocrx_word' id='word_1_267' title='bbox 756 3137 866 3208; x_wconf 87' lang='lat' dir='ltr'>propriis</span> <span class='ocrx_word' id='word_1_268' title='bbox 877 3138 1088 3208; x_wconf 80' lang='lat' dir='ltr'>frequentandum</span> <span class='ocrx_word' id='word_1_269' title='bbox 1105 3137 1210 3190; x_wconf 88' lang='lat' dir='ltr'>coloniis</span> <span class='ocrx_word' id='word_1_270' title='bbox 1224 3135 1312 3190; x_wconf 86' lang='lat' dir='ltr'>Inter-</span> 
     </span>
     <span class='ocr_line' id='line_1_30' title="bbox 201 3205 1312 3276; baseline 0.002 -18"><span class='ocrx_word' id='word_1_271' title='bbox 201 3221 301 3258; x_wconf 85' lang='lat' dir='ltr'>amnam</span> <span class='ocrx_word' id='word_1_272' title='bbox 318 3207 351 3258; x_wconf 90' lang='lat' dir='ltr'>ad</span> <span class='ocrx_word' id='word_1_273' title='bbox 369 3205 504 3273; x_wconf 70' lang='lat' dir='ltr'>Sangarine</span> <span class='ocrx_word' id='word_1_274' title='bbox 521 3207 584 3272; x_wconf 88' lang='lat' dir='ltr'>(buc</span> <span class='ocrx_word' id='word_1_275' title='bbox 601 3213 642 3260; x_wconf 89' lang='lat' dir='ltr'>est</span> <span class='ocrx_word' id='word_1_276' title='bbox 657 3213 754 3260; x_wconf 83' lang='lat' dir='ltr'>terrem</span> <span class='ocrx_word' id='word_1_277' title='bbox 771 3207 838 3259; x_wconf 82' lang='lat' dir='ltr'>inter</span> <span class='ocrx_word' id='word_1_278' title='bbox 854 3205 960 3260; x_wconf 84' lang='lat' dir='ltr'>flumine</span> <span class='ocrx_word' id='word_1_279' title='bbox 977 3206 1137 3269; x_wconf 80' lang='lat' dir='ltr'>conclusam,</span> <span class='ocrx_word' id='word_1_280' title='bbox 1156 3223 1231 3276; x_wconf 81' lang='lat' dir='ltr'>quau</span> <span class='ocrx_word' id='word_1_281' title='bbox 1250 3206 1312 3260; x_wconf 82' lang='grc' dir='ltr'>Μο-</span> 
     </span>
     <span class='ocr_line' id='line_1_31' title="bbox 201 3273 1312 3346; baseline 0.001 -19"><span class='ocrx_word' id='word_1_282' title='bbox 201 3273 330 3327; x_wconf 80' lang='grc' dir='ltr'>εοοονὶοσι</span> <span class='ocrx_word' id='word_1_283' title='bbox 354 3291 387 3328; x_wconf 79' lang='lat' dir='ltr'>ex</span> <span class='ocrx_word' id='word_1_284' title='bbox 411 3292 442 3328; x_wconf 88' lang='lat' dir='ltr'>eu</span> <span class='ocrx_word' id='word_1_285' title='bbox 463 3275 608 3342; x_wconf 84' lang='lat' dir='ltr'>nominent,</span> <span class='ocrx_word' id='word_1_286' title='bbox 634 3275 702 3346; x_wconf 87' lang='lat' dir='ltr'>qued</span> <span class='ocrx_word' id='word_1_287' title='bbox 727 3276 809 3327; x_wconf 85' lang='lat' dir='ltr'>medie</span> <span class='ocrx_word' id='word_1_288' title='bbox 827 3275 895 3326; x_wconf 82' lang='lat' dir='ltr'>inter</span> <span class='ocrx_word' id='word_1_289' title='bbox 912 3292 992 3345; x_wconf 88' lang='lat' dir='ltr'>aquas</span> <span class='ocrx_word' id='word_1_290' title='bbox 1008 3275 1184 3345; x_wconf 82' lang='lat' dir='ltr'>undecumque</span> <span class='ocrx_word' id='word_1_291' title='bbox 1202 3275 1312 3328; x_wconf 84' lang='lat' dir='ltr'>fluentis</span> 
     </span>
     <span class='ocr_line' id='line_1_32' title="bbox 200 3342 1311 3415; baseline 0 -19"><span class='ocrx_word' id='word_1_292' title='bbox 200 3342 311 3396; x_wconf 85' lang='lat' dir='ltr'>amnium</span> <span class='ocrx_word' id='word_1_293' title='bbox 328 3343 399 3396; x_wconf 72' lang='lat' dir='ltr'>reiut</span> <span class='ocrx_word' id='word_1_294' title='bbox 414 3343 496 3400; x_wconf 88' lang='lat' dir='ltr'>insula</span> <span class='ocrx_word' id='word_1_295' title='bbox 514 3343 653 3412; x_wconf 79' lang='lat' dir='ltr'>cingitur),</span> <span class='ocrx_word' id='word_1_296' title='bbox 678 3361 754 3413; x_wconf 85' lang='lat' dir='ltr'>quau</span> <span class='ocrx_word' id='word_1_297' title='bbox 777 3343 827 3397; x_wconf 88' lang='lat' dir='ltr'>sibi</span> <span class='ocrx_word' id='word_1_298' title='bbox 843 3343 949 3415; x_wconf 85' lang='lat' dir='ltr'>suisque</span> <span class='ocrx_word' id='word_1_299' title='bbox 973 3343 1138 3398; x_wconf 85' lang='lat' dir='ltr'>babitandesn</span> <span class='ocrx_word' id='word_1_300' title='bbox 1162 3362 1193 3398; x_wconf 80' lang='lat' dir='ltr'>ec</span> <span class='ocrx_word' id='word_1_301' title='bbox 1219 3351 1311 3397; x_wconf 81' lang='lat' dir='ltr'>custu-</span> 
     </span>
     <span class='ocr_line' id='line_1_33' title="bbox 200 3411 1311 3483; baseline 0.003 -19"><span class='ocrx_word' id='word_1_302' title='bbox 200 3411 319 3464; x_wconf 82' lang='lat' dir='ltr'>dieudam</span> <span class='ocrx_word' id='word_1_303' title='bbox 336 3412 442 3464; x_wconf 75' lang='lat' dir='ltr'>attribui</span> <span class='ocrx_word' id='word_1_304' title='bbox 459 3413 592 3483; x_wconf 76' lang='lat' dir='ltr'>addicique</span> <span class='ocrx_word' id='word_1_305' title='bbox 608 3413 714 3466; x_wconf 82' lang='lat' dir='ltr'>volebat</span> <span class='ocrx_word' id='word_1_306' title='bbox 735 3413 768 3466; x_wconf 87' lang='lat' dir='ltr'>eb</span> <span class='ocrx_word' id='word_1_307' title='bbox 787 3416 910 3483; x_wconf 76' lang='lat' dir='ltr'>Auguste.</span> <span class='ocrx_word' id='word_1_308' title='bbox 943 3431 1032 3467; x_wconf 78' lang='lat' dir='ltr'>verum</span> <span class='ocrx_word' id='word_1_309' title='bbox 1047 3414 1149 3466; x_wconf 85' lang='lat' dir='ltr'>iuterim</span> <span class='ocrx_word' id='word_1_310' title='bbox 1166 3415 1225 3466; x_wconf 81' lang='lat' dir='ltr'>dum</span> <span class='ocrx_word' id='word_1_311' title='bbox 1244 3414 1311 3467; x_wconf 86' lang='lat' dir='ltr'>beee</span> 
     </span>
     <span class='ocr_line' id='line_1_34' title="bbox 198 3478 1311 3552; baseline 0.004 -20"><span class='ocrx_word' id='word_1_312' title='bbox 198 3478 311 3533; x_wconf 84' lang='lat' dir='ltr'>iudeciso</span> <span class='ocrx_word' id='word_1_313' title='bbox 337 3481 422 3533; x_wconf 72' lang='lat' dir='ltr'>adbuc</span> <span class='ocrx_word' id='word_1_314' title='bbox 445 3487 559 3536; x_wconf 85' lang='lat' dir='ltr'>tractatu</span> <span class='ocrx_word' id='word_1_315' title='bbox 584 3482 712 3551; x_wconf 84' lang='lat' dir='ltr'>pendent,</span> <span class='ocrx_word' id='word_1_316' title='bbox 737 3482 838 3552; x_wconf 88' lang='lat' dir='ltr'>quidam</span> <span class='ocrx_word' id='word_1_317' title='bbox 864 3501 897 3535; x_wconf 90' lang='lat' dir='ltr'>ex</span> <span class='ocrx_word' id='word_1_318' title='bbox 921 3483 994 3536; x_wconf 91' lang='lat' dir='ltr'>buius</span> <span class='ocrx_word' id='word_1_319' title='bbox 1020 3484 1111 3536; x_wconf 87' lang='lat' dir='ltr'>castris</span> <span class='ocrx_word' id='word_1_320' title='bbox 1135 3483 1311 3552; x_wconf 82' lang='lat' dir='ltr'>uenipuiatina</span> 
     </span>
     <span class='ocr_line' id='line_1_35' title="bbox 196 3551 1310 3674; baseline 0.003 -4"><span class='ocrx_word' id='word_1_321' title='bbox 196 3551 930 3674; x_wconf 53' lang='lat' dir='ltr'>iuditii,ifft‘tttssiiiit‘ziiim}⁵3¹</span> <span class='ocrx_word' id='word_1_322' title='bbox 947 3551 1310 3673; x_wconf 60' lang='lat' dir='ltr'>¹³⁰t²⁰1⁰⁸u¹2²²2i¹¹ntii</span> 
     </span>
     <span class='ocr_line' id='line_1_36' title="bbox 197 3639 1311 3760; baseline 0.002 -20"><span class='ocrx_word' id='word_1_323' title='bbox 197 3696 259 3756; x_wconf 89' lang='lat' dir='ltr'>post</span> <span class='ocrx_word' id='word_1_324' title='bbox 275 3687 445 3754; x_wconf 79' lang='lat' dir='ltr'>vindemiam,</span> <span class='ocrx_word' id='word_1_325' title='bbox 471 3697 500 3742; x_wconf 84' lang='lat' dir='ltr'>et</span> <span class='ocrx_word' id='word_1_326' title='bbox 524 3689 545 3741; x_wconf 91' lang='lat' dir='ltr'>si</span> <span class='ocrx_word' id='word_1_327' title='bbox 563 3689 625 3760; x_wconf 89' lang='lat' dir='ltr'>quid</span> <span class='ocrx_word' id='word_1_328' title='bbox 643 3708 657 3742; x_wconf 91' lang='lat' dir='ltr'>e</span> <span class='ocrx_word' id='word_1_329' title='bbox 683 3691 736 3742; x_wconf 88' lang='lat' dir='ltr'>suis</span> <span class='ocrx_word' id='word_1_330' title='bbox 752 3639 1204 3760; x_wconf 48' lang='lat' dir='ltr'>initutiseriffribuipriedoiem</span> <span class='ocrx_word' id='word_1_331' title='bbox 1221 3691 1311 3744; x_wconf 82' lang='lat' dir='ltr'>avari·-</span> 
     </span>
     <span class='ocr_line' id='line_1_37' title="bbox 196 3755 1311 3828; baseline 0.002 -20"><span class='ocrx_word' id='word_1_332' title='bbox 196 3755 261 3808; x_wconf 84' lang='lat' dir='ltr'>tiam</span> <span class='ocrx_word' id='word_1_333' title='bbox 279 3757 404 3824; x_wconf 77' lang='lat' dir='ltr'>fugisset,</span> <span class='ocrx_word' id='word_1_334' title='bbox 428 3757 489 3810; x_wconf 88' lang='lat' dir='ltr'>inde</span> <span class='ocrx_word' id='word_1_335' title='bbox 512 3757 700 3827; x_wconf 82' lang='lat' dir='ltr'>sublegendum.</span> <span class='ocrx_word' id='word_1_336' title='bbox 736 3760 782 3812; x_wconf 90' lang='lat' dir='ltr'>bos</span> <span class='ocrx_word' id='word_1_337' title='bbox 800 3760 838 3812; x_wconf 86' lang='lat' dir='ltr'>ilii</span> <span class='ocrx_word' id='word_1_338' title='bbox 856 3760 1051 3828; x_wconf 86' lang='lat' dir='ltr'>comprehensus</span> <span class='ocrx_word' id='word_1_339' title='bbox 1069 3760 1175 3812; x_wconf 83' lang='lat' dir='ltr'>stetutis</span> <span class='ocrx_word' id='word_1_340' title='bbox 1192 3759 1218 3811; x_wconf 90' lang='lat' dir='ltr'>in</span> <span class='ocrx_word' id='word_1_341' title='bbox 1236 3758 1311 3811; x_wconf 71' lang='lat' dir='ltr'>suren</span> 
     </span>
    </p>

    <p class='ocr_par' dir='ltr' id='par_1_4' title="bbox 156 3824 1312 4190">
     <span class='ocr_line' id='line_1_38' title="bbox 156 3824 1312 3896; baseline 0 -18"><span class='ocrx_word' id='word_1_342' title='bbox 156 3825 159 3835; x_wconf 83' lang='grc'><em>“</em></span> <span class='ocrx_word' id='word_1_343' title='bbox 196 3824 287 3895; x_wconf 82' lang='lat' dir='ltr'>poenis</span> <span class='ocrx_word' id='word_1_344' title='bbox 303 3825 495 3880; x_wconf 75' lang='lat' dir='ltr'>inexorabiliter</span> <span class='ocrx_word' id='word_1_345' title='bbox 513 3825 673 3895; x_wconf 80' lang='lat' dir='ltr'>plectebant:</span> <span class='ocrx_word' id='word_1_346' title='bbox 693 3829 790 3882; x_wconf 79' lang='lat' dir='ltr'>furtum</span> <span class='ocrx_word' id='word_1_347' title='bbox 808 3828 874 3881; x_wconf 79' lang='lat' dir='ltr'>enirn</span> <span class='ocrx_word' id='word_1_348' title='bbox 891 3829 953 3896; x_wconf 88' lang='lat' dir='ltr'>ipsis</span> <span class='ocrx_word' id='word_1_349' title='bbox 970 3829 1108 3881; x_wconf 82' lang='lat' dir='ltr'>videbatur</span> <span class='ocrx_word' id='word_1_350' title='bbox 1125 3845 1182 3882; x_wconf 83' lang='lat' dir='ltr'>esse</span> <span class='ocrx_word' id='word_1_351' title='bbox 1200 3828 1312 3880; x_wconf 81' lang='lat' dir='ltr'>munife-</span> 
     </span>
     <span class='ocr_line' id='line_1_39' title="bbox 197 3895 1311 3979; baseline 0.001 -33"><span class='ocrx_word' id='word_1_352' title='bbox 197 3901 280 3959; x_wconf 86' lang='lat' dir='ltr'>stum,</span> <span class='ocrx_word' id='word_1_353' title='bbox 304 3895 397 3947; x_wconf 84' lang='lat' dir='ltr'>toliere</span> <span class='ocrx_word' id='word_1_354' title='bbox 413 3895 552 3966; x_wconf 78' lang='lat' dir='ltr'>quidquam</span> <span class='ocrx_word' id='word_1_355' title='bbox 571 3906 691 3950; x_wconf 84' lang='lat' dir='ltr'>exterra</span> <span class='ocrx_word' id='word_1_356' title='bbox 710 3914 786 3979; x_wconf 89' lang='lat' dir='ltr'>qnam</span> <span class='ocrx_word' id='word_1_357' title='bbox 804 3897 851 3966; x_wconf 88' lang='lat' dir='ltr'>ipsi</span> <span class='ocrx_word' id='word_1_358' title='bbox 869 3913 930 3949; x_wconf 86' lang='lat' dir='ltr'>ense</span> <span class='ocrx_word' id='word_1_359' title='bbox 950 3915 981 3950; x_wconf 88' lang='lat' dir='ltr'>ac</span> <span class='ocrx_word' id='word_1_360' title='bbox 997 3897 1064 3950; x_wconf 90' lang='lat' dir='ltr'>bello</span> <span class='ocrx_word' id='word_1_361' title='bbox 1082 3897 1211 3968; x_wconf 84' lang='lat' dir='ltr'>propriam</span> <span class='ocrx_word' id='word_1_362' title='bbox 1229 3897 1311 3948; x_wconf 87' lang='lat' dir='ltr'>fecis-</span> 
     </span>
     <span class='ocr_line' id='line_1_40' title="bbox 197 3963 1311 4035; baseline 0 -19"><span class='ocrx_word' id='word_1_363' title='bbox 197 3971 274 4028; x_wconf 83' lang='lat' dir='ltr'>sent,</span> <span class='ocrx_word' id='word_1_364' title='bbox 300 3963 340 4016; x_wconf 90' lang='lat' dir='ltr'>cui</span> <span class='ocrx_word' id='word_1_365' title='bbox 365 3965 478 4018; x_wconf 84' lang='lat' dir='ltr'>victores</span> <span class='ocrx_word' id='word_1_366' title='bbox 501 3963 664 4031; x_wconf 73' lang='lat' dir='ltr'>insisterent,</span> <span class='ocrx_word' id='word_1_367' title='bbox 689 3983 761 4019; x_wconf 77' lang='lat' dir='ltr'>cuttu</span> <span class='ocrx_word' id='word_1_368' title='bbox 784 3965 842 4018; x_wconf 87' lang='lat' dir='ltr'>ideo</span> <span class='ocrx_word' id='word_1_369' title='bbox 865 3967 964 4020; x_wconf 80' lang='lat' dir='ltr'>tructus</span> <span class='ocrx_word' id='word_1_370' title='bbox 988 3983 1076 4019; x_wconf 84' lang='lat' dir='ltr'>omnes</span> <span class='ocrx_word' id='word_1_371' title='bbox 1092 3967 1147 4018; x_wconf 91' lang='lat' dir='ltr'>iure</span> <span class='ocrx_word' id='word_1_372' title='bbox 1164 3965 1213 4018; x_wconf 88' lang='lat' dir='ltr'>sibi</span> <span class='ocrx_word' id='word_1_373' title='bbox 1229 3981 1311 4035; x_wconf 85' lang='lat' dir='ltr'>quam</span> 
     </span>
     <span class='ocr_line' id='line_1_41' title="bbox 197 4027 1311 4104; baseline 0.004 -20"><span class='ocrx_word' id='word_1_374' title='bbox 197 4033 294 4100; x_wconf 83' lang='lat' dir='ltr'>optimo</span> <span class='ocrx_word' id='word_1_375' title='bbox 317 4035 446 4102; x_wconf 85' lang='lat' dir='ltr'>quaesitus</span> <span class='ocrx_word' id='word_1_376' title='bbox 471 4033 663 4098; x_wconf 84' lang='lat' dir='ltr'>contenderent,</span> <span class='ocrx_word' id='word_1_377' title='bbox 694 4034 841 4104; x_wconf 74' lang='lat' dir='ltr'>servarique</span> <span class='ocrx_word' id='word_1_378' title='bbox 870 4041 900 4087; x_wconf 90' lang='lat' dir='ltr'>ut</span> <span class='ocrx_word' id='word_1_379' title='bbox 922 4036 1030 4089; x_wconf 86' lang='lat' dir='ltr'>dominis</span> <span class='ocrx_word' id='word_1_380' title='bbox 1055 4027 1168 4088; x_wconf 80' lang='lat' dir='ltr'>illibatus¹</span> <span class='ocrx_word' id='word_1_381' title='bbox 1197 4051 1228 4086; x_wconf 86' lang='lat' dir='ltr'>ac</span> <span class='ocrx_word' id='word_1_382' title='bbox 1247 4049 1311 4088; x_wconf 80' lang='lat' dir='ltr'>uum</span> 
     </span>
     <span class='ocr_line' id='line_1_42' title="bbox 197 4053 1309 4190; baseline 0.001 -37"><span class='ocrx_word' id='word_1_383' title='bbox 197 4108 343 4184; x_wconf 78' lang='lat' dir='ltr'>censerent.</span> <span class='ocrx_word' id='word_1_384' title='bbox 378 4102 427 4154; x_wconf 85' lang='lat' dir='ltr'>buc</span> <span class='ocrx_word' id='word_1_385' title='bbox 451 4102 532 4154; x_wconf 85' lang='lat' dir='ltr'>nostri</span> <span class='ocrx_word' id='word_1_386' title='bbox 555 4113 686 4186; x_wconf 73' lang='lat' dir='ltr'>pomperto</span> <span class='ocrx_word' id='word_1_387' title='bbox 710 4099 886 4184; x_wconf 69' lang='lat' dir='ltr'>dondupebaut</span> <span class='ocrx_word' id='word_1_388' title='bbox 900 4105 1018 4190; x_wconf 62' lang='lat' dir='ltr'>⁸priuatis</span> <span class='ocrx_word' id='word_1_389' title='bbox 1043 4105 1179 4188; x_wconf 70' lang='lat' dir='ltr'>stipendiis</span> <span class='ocrx_word' id='word_1_390' title='bbox 1191 4053 1309 4188; x_wconf 63' lang='grc' dir='ltr'><strong><em>πόλιον,</em></strong></span> 
     </span>
    </p>

    <p class='ocr_par' dir='ltr' id='par_1_5' title="bbox 142 4170 1311 4380">
     <span class='ocr_line' id='line_1_43' title="bbox 142 4170 1311 4314; baseline 0.004 -25"><span class='ocrx_word' id='word_1_391' title='bbox 142 4259 147 4268; x_wconf 89' lang='lat'>-</span> <span class='ocrx_word' id='word_1_392' title='bbox 197 4186 256 4291; x_wconf 70' lang='lat'>33¹:</span> <span class='ocrx_word' id='word_1_393' title='bbox 270 4170 1311 4314; x_wconf 54' lang='lat' dir='ltr'>‘titttzdssttztiuisst‘iddiux&#39;tttztf¹tiuss;i3tit</span> 
     </span>
     <span class='ocr_line' id='line_1_44' title="bbox 198 4305 950 4380; baseline 0.011 -24"><span class='ocrx_word' id='word_1_394' title='bbox 198 4305 309 4374; x_wconf 66' lang='lat' dir='ltr'>pasiano</span> <span class='ocrx_word' id='word_1_395' title='bbox 326 4324 465 4361; x_wconf 74' lang='lat' dir='ltr'>successus</span> <span class='ocrx_word' id='word_1_396' title='bbox 481 4308 618 4378; x_wconf 80' lang='lat' dir='ltr'>intercepti</span> <span class='ocrx_word' id='word_1_397' title='bbox 635 4310 731 4380; x_wconf 88' lang='lat' dir='ltr'>quippe</span> <span class='ocrx_word' id='word_1_398' title='bbox 746 4311 950 4368; x_wconf 75' lang='lat' dir='ltr'>trucidabantur.</span> 
     </span>
    </p>

    <p class='ocr_par' dir='ltr' id='par_1_6' title="bbox 160 4375 1311 4452">
     <span class='ocr_line' id='line_1_45' title="bbox 160 4375 1311 4452; baseline 0.007 -25"><span class='ocrx_word' id='word_1_399' title='bbox 160 4427 163 4436; x_wconf 85' lang='grc'><strong><em>,</em></strong></span> <span class='ocrx_word' id='word_1_400' title='bbox 267 4375 344 4428; x_wconf 87' lang='lat' dir='ltr'>Haec</span> <span class='ocrx_word' id='word_1_401' title='bbox 365 4383 442 4432; x_wconf 83' lang='lat' dir='ltr'>extra</span> <span class='ocrx_word' id='word_1_402' title='bbox 459 4377 705 4450; x_wconf 81' lang='lat' dir='ltr'>Constantinopolin</span> <span class='ocrx_word' id='word_1_403' title='bbox 731 4380 836 4436; x_wconf 83' lang='lat' dir='ltr'>fiebant.</span> <span class='ocrx_word' id='word_1_404' title='bbox 870 4381 940 4436; x_wconf 85' lang='lat' dir='ltr'>intra</span> <span class='ocrx_word' id='word_1_405' title='bbox 957 4379 1047 4436; x_wconf 83' lang='lat' dir='ltr'>urben</span> <span class='ocrx_word' id='word_1_406' title='bbox 1064 4396 1142 4452; x_wconf 82' lang='lat' dir='ltr'>porse</span> <span class='ocrx_word' id='word_1_407' title='bbox 1158 4379 1242 4451; x_wconf 80' lang='lat' dir='ltr'>ipsun</span> <span class='ocrx_word' id='word_1_408' title='bbox 1259 4396 1311 4450; x_wconf 87' lang='lat' dir='ltr'>pe·</span> 
     </span>
    </p>
   </div>
   <div class='ocr_carea' id='block_1_4' title="bbox 0 30 1426 4882">
    <p class='ocr_par' dir='ltr' id='par_1_7' title="bbox 0 30 1426 4882">
     <span class='ocr_line' id='line_1_46' title="bbox 0 30 1426 4882; baseline 0 1"><span class='ocrx_word' id='word_1_409' title='bbox 0 30 1426 4882; x_wconf 95' lang='lat' dir='ltr'> </span> 
     </span>
    </p>
   </div>
  </div>
 </body>
</html>
