<?xml version="1.0" encoding="UTF-8"?>
<!DOCTYPE html PUBLIC "-//W3C//DTD XHTML 1.0 Transitional//EN"
    "http://www.w3.org/TR/xhtml1/DTD/xhtml1-transitional.dtd">
<html xmlns="http://www.w3.org/1999/xhtml" xml:lang="en" lang="en">
 <head>
  <title>
</title>
<meta http-equiv="Content-Type" content="text/html;charset=utf-8" />
  <meta name='ocr-system' content='tesseract 3.04.00' />
  <meta name='ocr-capabilities' content='ocr_page ocr_carea ocr_par ocr_line ocrx_word'/>
</head>
<body>
  <div class='ocr_page' id='page_1' title='image "./georgiipachymer00pousgoog_0859.png"; bbox 0 0 2760 4776; ppageno 0'>
   <div class='ocr_carea' id='block_1_1' title="bbox 179 271 979 348">
    <p class='ocr_par' dir='ltr' id='par_1_1' title="bbox 179 271 979 348">
     <span class='ocr_line' id='line_1_1' title="bbox 179 271 979 348; baseline -0.006 -1"><span class='ocrx_word' id='word_1_1' title='bbox 179 271 255 348; x_wconf 77' lang='lat'><strong>842</strong></span> <span class='ocrx_word' id='word_1_2' title='bbox 474 271 714 343; x_wconf 68' lang='lat' dir='ltr'><strong>omnum.</strong></span> <span class='ocrx_word' id='word_1_3' title='bbox 740 271 979 342; x_wconf 76' lang='lat' dir='ltr'><strong>Ptffittffltt.</strong></span> 
     </span>
    </p>
   </div>
   <div class='ocr_carea' id='block_1_2' title="bbox 242 431 1300 1806">
    <p class='ocr_par' dir='ltr' id='par_1_2' title="bbox 394 431 1300 522">
     <span class='ocr_line' id='line_1_2' title="bbox 394 431 1300 522; baseline -0.003 -17"><span class='ocrx_word' id='word_1_4' title='bbox 394 507 403 516; x_wconf 75' lang='grc'><strong>,</strong></span> <span class='ocrx_word' id='word_1_5' title='bbox 422 431 548 492; x_wconf 52' lang='lat' dir='ltr'><strong>mn*</strong></span> <span class='ocrx_word' id='word_1_6' title='bbox 582 439 683 504; x_wconf 78' lang='lat' dir='ltr'><strong>Ceroli</strong></span> <span class='ocrx_word' id='word_1_7' title='bbox 695 440 773 521; x_wconf 77' lang='lat' dir='ltr'><strong>regia</strong></span> <span class='ocrx_word' id='word_1_8' title='bbox 786 437 922 522; x_wconf 78' lang='lat' dir='ltr'><strong>dpnliae,</strong></span> <span class='ocrx_word' id='word_1_9' title='bbox 945 439 1021 508; x_wconf 85' lang='lat' dir='ltr'><strong>dara</strong></span> <span class='ocrx_word' id='word_1_10' title='bbox 1036 439 1087 504; x_wconf 89' lang='lat' dir='ltr'><strong>illi</strong></span> <span class='ocrx_word' id='word_1_11' title='bbox 1107 437 1217 504; x_wconf 78' lang='lat' dir='ltr'><strong>noluit</strong></span> <span class='ocrx_word' id='word_1_12' title='bbox 1229 439 1300 502; x_wconf 84' lang='lat' dir='ltr'><strong>lite·</strong></span> 
     </span>
    </p>

    <p class='ocr_par' dir='ltr' id='par_1_3' title="bbox 242 493 1297 610">
     <span class='ocr_line' id='line_1_3' title="bbox 242 493 1297 610; baseline -0.004 -20"><span class='ocrx_word' id='word_1_13' title='bbox 242 516 248 538; x_wconf 76' lang='lat'>&#39;</span> <span class='ocrx_word' id='word_1_14' title='bbox 281 493 393 608; x_wconf 53' lang='lat' dir='ltr'><strong>‘dna-d:</strong></span> <span class='ocrx_word' id='word_1_15' title='bbox 453 495 518 530; x_wconf 60' lang='lat' dir='ltr'>m</span> <span class='ocrx_word' id='word_1_16' title='bbox 581 547 632 588; x_wconf 84' lang='lat' dir='ltr'><strong>raa</strong></span> <span class='ocrx_word' id='word_1_17' title='bbox 652 526 693 590; x_wconf 85' lang='lat' dir='ltr'><strong>ad</strong></span> <span class='ocrx_word' id='word_1_18' title='bbox 711 547 836 608; x_wconf 87' lang='lat' dir='ltr'><strong>papom,</strong></span> <span class='ocrx_word' id='word_1_19' title='bbox 858 545 896 588; x_wconf 88' lang='lat' dir='ltr'><strong>ne</strong></span> <span class='ocrx_word' id='word_1_20' title='bbox 910 527 1000 588; x_wconf 85' lang='lat' dir='ltr'><strong>illum</strong></span> <span class='ocrx_word' id='word_1_21' title='bbox 1008 537 1145 610; x_wconf 74' lang='lat' dir='ltr'><strong>patrem</strong></span> <span class='ocrx_word' id='word_1_22' title='bbox 1161 530 1297 586; x_wconf 72' lang='lat' dir='ltr'><strong>candis-</strong></span> 
     </span>
    </p>

    <p class='ocr_par' dir='ltr' id='par_1_4' title="bbox 279 585 1294 764">
     <span class='ocr_line' id='line_1_4' title="bbox 279 585 1294 764; baseline 0.004 -90"><span class='ocrx_word' id='word_1_23' title='bbox 279 585 401 630; x_wconf 43' lang='grc' dir='ltr'><strong>Μ’*</strong></span> <span class='ocrx_word' id='word_1_24' title='bbox 422 585 542 634; x_wconf 59' lang='lat' dir='ltr'><strong>”Md</strong></span> <span class='ocrx_word' id='word_1_25' title='bbox 581 616 695 764; x_wconf 50' lang='lat' dir='ltr'><strong>adipum</strong></span> <span class='ocrx_word' id='word_1_26' title='bbox 717 613 751 674; x_wconf 91' lang='lat' dir='ltr'><strong>in</strong></span> <span class='ocrx_word' id='word_1_27' title='bbox 769 611 820 674; x_wconf 83' lang='lat' dir='ltr'><strong>hia</strong></span> <span class='ocrx_word' id='word_1_28' title='bbox 842 613 996 695; x_wconf 84' lang='lat' dir='ltr'><strong>appellare</strong></span> <span class='ocrx_word' id='word_1_29' title='bbox 1019 621 1199 694; x_wconf 79' lang='lat' dir='ltr'><strong>cogeremr.</strong></span> <span class='ocrx_word' id='word_1_30' title='bbox 1240 613 1294 679; x_wconf 72' lang='grc'><strong>[8</strong></span> 
     </span>
     <span class='ocr_line' id='line_1_5' title="bbox 580 719 973 764; baseline -0.02 -4"><span class='ocrx_word' id='word_1_31' title='bbox 580 719 608 760; x_wconf 81' lang='lat' dir='ltr'><strong>c.</strong></span> <span class='ocrx_word' id='word_1_32' title='bbox 649 743 659 764; x_wconf 89' lang='lat'>.</span> <span class='ocrx_word' id='word_1_33' title='bbox 972 749 973 752; x_wconf 74' lang='grc'>,</span> 
     </span>
    </p>

    <p class='ocr_par' dir='ltr' id='par_1_5' title="bbox 579 797 1298 1806">
     <span class='ocr_line' id='line_1_6' title="bbox 622 797 1294 882; baseline -0.006 -20"><span class='ocrx_word' id='word_1_34' title='bbox 622 801 735 862; x_wconf 86' lang='lat' dir='ltr'><strong>Tamen</strong></span> <span class='ocrx_word' id='word_1_35' title='bbox 747 798 813 882; x_wconf 87' lang='lat' dir='ltr'><strong>ipae</strong></span> <span class='ocrx_word' id='word_1_36' title='bbox 823 798 1019 860; x_wconf 69' lang='lat' dir='ltr'><strong>Andronicus</strong></span> <span class='ocrx_word' id='word_1_37' title='bbox 1032 807 1146 880; x_wconf 75' lang='lat' dir='ltr'><strong>pootee</strong></span> <span class='ocrx_word' id='word_1_38' title='bbox 1157 797 1294 860; x_wconf 80' lang='lat' dir='ltr'><strong>acribeno</strong></span> 
     </span>
     <span class='ocr_line' id='line_1_7' title="bbox 581 884 1292 966; baseline -0.004 -19"><span class='ocrx_word' id='word_1_39' title='bbox 581 888 619 948; x_wconf 89' lang='lat' dir='ltr'><strong>ad</strong></span> <span class='ocrx_word' id='word_1_40' title='bbox 645 886 800 948; x_wconf 83' lang='lat' dir='ltr'><strong>Snltanem</strong></span> <span class='ocrx_word' id='word_1_41' title='bbox 831 884 1012 966; x_wconf 73' lang='lat' dir='ltr'><strong>Babyloniae</strong></span> <span class='ocrx_word' id='word_1_42' title='bbox 1039 885 1174 946; x_wconf 34' lang='lat' dir='ltr'><strong>‘tr-nem</strong></span> <span class='ocrx_word' id='word_1_43' title='bbox 1203 885 1292 944; x_wconf 82' lang='lat' dir='ltr'><strong>illum</strong></span> 
     </span>
     <span class='ocr_line' id='line_1_8' title="bbox 580 969 1298 1052; baseline -0.006 -18"><span class='ocrx_word' id='word_1_44' title='bbox 580 991 690 1035; x_wconf 76' lang='lat' dir='ltr'><strong>nocere</strong></span> <span class='ocrx_word' id='word_1_45' title='bbox 710 991 772 1032; x_wconf 89' lang='lat' dir='ltr'><strong>non</strong></span> <span class='ocrx_word' id='word_1_46' title='bbox 793 969 927 1047; x_wconf 87' lang='lat' dir='ltr'><strong>dubitat,</strong></span> <span class='ocrx_word' id='word_1_47' title='bbox 960 969 1145 1031; x_wconf 76' lang='lat' dir='ltr'><strong>anctoriboa</strong></span> <span class='ocrx_word' id='word_1_48' title='bbox 1168 969 1298 1052; x_wconf 73' lang='lat' dir='ltr'><strong>cpiam--</strong></span> 
     </span>
     <span class='ocr_line' id='line_1_9' title="bbox 579 1053 1291 1140; baseline -0.003 -22"><span class='ocrx_word' id='word_1_49' title='bbox 579 1059 645 1140; x_wconf 89' lang='lat' dir='ltr'><strong>pia,</strong></span> <span class='ocrx_word' id='word_1_50' title='bbox 671 1055 847 1138; x_wconf 75' lang='lat' dir='ltr'><strong>proetertim</strong></span> <span class='ocrx_word' id='word_1_51' title='bbox 871 1053 1135 1136; x_wconf 82' lang='lat' dir='ltr'><strong>Philadelphienei</strong></span> <span class='ocrx_word' id='word_1_52' title='bbox 1156 1053 1291 1116; x_wconf 79' lang='lat' dir='ltr'><strong>Theolo-</strong></span> 
     </span>
     <span class='ocr_line' id='line_1_10' title="bbox 580 1140 1288 1224; baseline -0.006 -20"><span class='ocrx_word' id='word_1_53' title='bbox 580 1153 651 1224; x_wconf 90' lang='lat' dir='ltr'><strong>pto,</strong></span> <span class='ocrx_word' id='word_1_54' title='bbox 680 1141 733 1222; x_wconf 86' lang='lat' dir='ltr'><strong>qui</strong></span> <span class='ocrx_word' id='word_1_55' title='bbox 755 1141 845 1202; x_wconf 84' lang='lat' dir='ltr'><strong>etiem</strong></span> <span class='ocrx_word' id='word_1_56' title='bbox 866 1140 1025 1200; x_wconf 74' lang='lat' dir='ltr'><strong>daemone·</strong></span> <span class='ocrx_word' id='word_1_57' title='bbox 1047 1141 1149 1202; x_wconf 80' lang='lat' dir='ltr'><strong>melca</strong></span> <span class='ocrx_word' id='word_1_58' title='bbox 1176 1141 1288 1216; x_wconf 68' lang='lat' dir='ltr'><strong>intres</strong></span> 
     </span>
     <span class='ocr_line' id='line_1_11' title="bbox 580 1225 1288 1302; baseline -0.006 -12"><span class='ocrx_word' id='word_1_59' title='bbox 580 1227 723 1302; x_wconf 81' lang='lat' dir='ltr'><strong>eccleciae</strong></span> <span class='ocrx_word' id='word_1_60' title='bbox 739 1225 771 1294; x_wconf 87' lang='lat' dir='ltr'><strong>in</strong></span> <span class='ocrx_word' id='word_1_61' title='bbox 791 1225 915 1286; x_wconf 81' lang='lat' dir='ltr'><strong>(lentico</strong></span> <span class='ocrx_word' id='word_1_62' title='bbox 937 1225 1142 1288; x_wconf 77' lang='lat' dir='ltr'><strong>canticorum</strong></span> <span class='ocrx_word' id='word_1_63' title='bbox 1165 1226 1233 1286; x_wconf 87' lang='lat' dir='ltr'><strong>dici</strong></span> <span class='ocrx_word' id='word_1_64' title='bbox 1251 1245 1288 1286; x_wconf 81' lang='lat' dir='ltr'><strong>ex</strong></span> 
     </span>
     <span class='ocr_line' id='line_1_12' title="bbox 581 1310 1288 1396; baseline -0.003 -22"><span class='ocrx_word' id='word_1_65' title='bbox 581 1314 711 1396; x_wconf 80' lang='lat' dir='ltr'><strong>quodam</strong></span> <span class='ocrx_word' id='word_1_66' title='bbox 724 1311 862 1392; x_wconf 74' lang='lat' dir='ltr'><strong>Gregorii</strong></span> <span class='ocrx_word' id='word_1_67' title='bbox 873 1311 1000 1391; x_wconf 81' lang='lat' dir='ltr'><strong>Nyaeeni</strong></span> <span class='ocrx_word' id='word_1_68' title='bbox 1009 1310 1191 1372; x_wconf 81' lang='lat' dir='ltr'><strong>teatimonio</strong></span> <span class='ocrx_word' id='word_1_69' title='bbox 1204 1311 1288 1372; x_wconf 84' lang='lat' dir='ltr'><strong>affir-</strong></span> 
     </span>
     <span class='ocr_line' id='line_1_13' title="bbox 581 1395 1287 1477; baseline -0.003 -17"><span class='ocrx_word' id='word_1_70' title='bbox 581 1399 691 1476; x_wconf 77' lang='lat' dir='ltr'><strong>mavit,</strong></span> <span class='ocrx_word' id='word_1_71' title='bbox 712 1417 746 1458; x_wconf 91' lang='lat' dir='ltr'><strong>eo</strong></span> <span class='ocrx_word' id='word_1_72' title='bbox 770 1395 892 1457; x_wconf 88' lang='lat' dir='ltr'><strong>nomine</strong></span> <span class='ocrx_word' id='word_1_73' title='bbox 913 1396 1024 1456; x_wconf 86' lang='lat' dir='ltr'><strong>acriter</strong></span> <span class='ocrx_word' id='word_1_74' title='bbox 1045 1395 1287 1477; x_wconf 78' lang='lat' dir='ltr'><strong>reprehenanee</strong></span> 
     </span>
     <span class='ocr_line' id='line_1_14' title="bbox 582 1481 1287 1565; baseline -0.006 -19"><span class='ocrx_word' id='word_1_75' title='bbox 582 1481 814 1565; x_wconf 82' lang='lat' dir='ltr'><strong>Dyrrhachienai</strong></span> <span class='ocrx_word' id='word_1_76' title='bbox 839 1481 958 1556; x_wconf 84' lang='lat' dir='ltr'><strong>Niceto,</strong></span> <span class='ocrx_word' id='word_1_77' title='bbox 988 1481 1042 1542; x_wconf 89' lang='lat' dir='ltr'><strong>aed</strong></span> <span class='ocrx_word' id='word_1_78' title='bbox 1069 1491 1236 1542; x_wconf 72' lang='lat' dir='ltr'><strong>executus</strong></span> <span class='ocrx_word' id='word_1_79' title='bbox 1257 1491 1287 1542; x_wconf 87' lang='lat' dir='ltr'><strong>ct</strong></span> 
     </span>
     <span class='ocr_line' id='line_1_15' title="bbox 580 1565 1284 1648; baseline -0.009 -16"><span class='ocrx_word' id='word_1_80' title='bbox 580 1571 717 1632; x_wconf 86' lang='lat' dir='ltr'><strong>delenana</strong></span> <span class='ocrx_word' id='word_1_81' title='bbox 730 1567 767 1628; x_wconf 88' lang='lat' dir='ltr'><strong>ab</strong></span> <span class='ocrx_word' id='word_1_82' title='bbox 781 1565 960 1647; x_wconf 84' lang='lat' dir='ltr'><strong>imperatore</strong></span> <span class='ocrx_word' id='word_1_83' title='bbox 973 1567 1125 1627; x_wconf 89' lang='lat' dir='ltr'><strong>concione</strong></span> <span class='ocrx_word' id='word_1_84' title='bbox 1139 1587 1235 1648; x_wconf 83' lang='lat' dir='ltr'><strong>enper</strong></span> <span class='ocrx_word' id='word_1_85' title='bbox 1250 1587 1284 1627; x_wconf 90' lang='lat' dir='ltr'><strong>eo</strong></span> 
     </span>
     <span class='ocr_line' id='line_1_16' title="bbox 579 1651 1283 1738; baseline -0.009 -20"><span class='ocrx_word' id='word_1_86' title='bbox 579 1653 702 1738; x_wconf 88' lang='lat' dir='ltr'><strong>proprie</strong></span> <span class='ocrx_word' id='word_1_87' title='bbox 724 1662 898 1733; x_wconf 82' lang='lat' dir='ltr'><strong>argumento</strong></span> <span class='ocrx_word' id='word_1_88' title='bbox 920 1651 1031 1716; x_wconf 69' lang='lat' dir='ltr'><strong>habite</strong></span> <span class='ocrx_word' id='word_1_89' title='bbox 1075 1653 1099 1720; x_wconf 87' lang='lat' dir='ltr'><strong>l·</strong></span> <span class='ocrx_word' id='word_1_90' title='bbox 1120 1657 1143 1720; x_wconf 76' lang='grc'><strong>8</strong></span> <span class='ocrx_word' id='word_1_91' title='bbox 1168 1653 1235 1720; x_wconf 75' lang='lat' dir='ltr'><strong>ct</strong></span> <span class='ocrx_word' id='word_1_92' title='bbox 1255 1661 1283 1714; x_wconf 92' lang='lat' dir='ltr'><strong>at</strong></span> 
     </span>
     <span class='ocr_line' id='line_1_17' title="bbox 579 1745 672 1806; baseline -0.011 -3"><span class='ocrx_word' id='word_1_93' title='bbox 579 1762 605 1806; x_wconf 92' lang='lat' dir='ltr'><strong>c.</strong></span> <span class='ocrx_word' id='word_1_94' title='bbox 621 1745 672 1806; x_wconf 78' lang='lat'><strong>23.</strong></span> 
     </span>
    </p>
   </div>
   <div class='ocr_carea' id='block_1_3' title="bbox 577 1837 1282 2177">
    <p class='ocr_par' dir='ltr' id='par_1_6' title="bbox 577 1837 1282 2177">
     <span class='ocr_line' id='line_1_18' title="bbox 621 1837 1282 1920; baseline -0.008 -18"><span class='ocrx_word' id='word_1_95' title='bbox 621 1841 709 1907; x_wconf 78' lang='lat' dir='ltr'><strong>Circe</strong></span> <span class='ocrx_word' id='word_1_96' title='bbox 722 1837 783 1906; x_wconf 85' lang='lat' dir='ltr'><strong>hoc</strong></span> <span class='ocrx_word' id='word_1_97' title='bbox 795 1847 915 1920; x_wconf 85' lang='lat' dir='ltr'><strong>tempna</strong></span> <span class='ocrx_word' id='word_1_98' title='bbox 928 1839 1051 1900; x_wconf 78' lang='lat' dir='ltr'><strong>Tnctaic</strong></span> <span class='ocrx_word' id='word_1_99' title='bbox 1065 1838 1186 1918; x_wconf 78' lang='lat' dir='ltr'><strong>Nogam</strong></span> <span class='ocrx_word' id='word_1_100' title='bbox 1198 1857 1282 1920; x_wconf 84' lang='lat' dir='ltr'><strong>prae-</strong></span> 
     </span>
     <span class='ocr_line' id='line_1_19' title="bbox 577 1923 1281 2004; baseline -0.009 -16"><span class='ocrx_word' id='word_1_101' title='bbox 577 1925 621 1988; x_wconf 92' lang='lat' dir='ltr'><strong>lio</strong></span> <span class='ocrx_word' id='word_1_102' title='bbox 642 1925 759 1987; x_wconf 85' lang='lat' dir='ltr'><strong>victum</strong></span> <span class='ocrx_word' id='word_1_103' title='bbox 783 1923 911 1998; x_wconf 82' lang='lat' dir='ltr'><strong>occidit;</strong></span> <span class='ocrx_word' id='word_1_104' title='bbox 936 1945 972 1985; x_wconf 90' lang='lat' dir='ltr'><strong>ac</strong></span> <span class='ocrx_word' id='word_1_105' title='bbox 998 1943 1072 1986; x_wconf 83' lang='lat' dir='ltr'><strong>mox</strong></span> <span class='ocrx_word' id='word_1_106' title='bbox 1102 1923 1281 2004; x_wconf 70' lang='lat' dir='ltr'>desponsam</span> 
     </span>
     <span class='ocr_line' id='line_1_20' title="bbox 578 2009 1280 2092; baseline -0.003 -20"><span class='ocrx_word' id='word_1_107' title='bbox 578 2011 637 2073; x_wconf 87' lang='lat' dir='ltr'><strong>aibi</strong></span> <span class='ocrx_word' id='word_1_108' title='bbox 664 2011 751 2092; x_wconf 85' lang='lat' dir='ltr'><strong>priua</strong></span> <span class='ocrx_word' id='word_1_109' title='bbox 779 2009 946 2070; x_wconf 77' lang='lat' dir='ltr'><strong>Andronici</strong></span> <span class='ocrx_word' id='word_1_110' title='bbox 973 2009 1171 2092; x_wconf 85' lang='lat' dir='ltr'><strong>imperatoria</strong></span> <span class='ocrx_word' id='word_1_111' title='bbox 1190 2009 1280 2070; x_wconf 75' lang='lat' dir='ltr'><strong>illim</strong></span> 
     </span>
     <span class='ocr_line' id='line_1_21' title="bbox 580 2094 1189 2177; baseline 0 -20"><span class='ocrx_word' id='word_1_112' title='bbox 580 2097 702 2159; x_wconf 85' lang='lat' dir='ltr'><strong>notham</strong></span> <span class='ocrx_word' id='word_1_113' title='bbox 719 2115 845 2156; x_wconf 84' lang='lat' dir='ltr'><strong>uxorem</strong></span> <span class='ocrx_word' id='word_1_114' title='bbox 857 2094 980 2177; x_wconf 88' lang='lat' dir='ltr'><strong>accipit.</strong></span> <span class='ocrx_word' id='word_1_115' title='bbox 1021 2096 1076 2162; x_wconf 82' lang='lat' dir='ltr'><strong>l.8</strong></span> <span class='ocrx_word' id='word_1_116' title='bbox 1092 2115 1121 2158; x_wconf 84' lang='lat' dir='ltr'><strong>c.</strong></span> <span class='ocrx_word' id='word_1_117' title='bbox 1136 2099 1189 2161; x_wconf 79' lang='lat'><strong>28.</strong></span> 
     </span>
    </p>
   </div>
   <div class='ocr_carea' id='block_1_4' title="bbox 419 2229 717 2244">
    <p class='ocr_par' dir='ltr' id='par_1_7' title="bbox 419 2229 717 2244">
     <span class='ocr_line' id='line_1_22' title="bbox 419 2229 717 2244; baseline 0 -2"><span class='ocrx_word' id='word_1_118' title='bbox 419 2229 717 2244; x_wconf 51' lang='lat' dir='ltr'><strong>m*</strong></span> 
     </span>
    </p>
   </div>
   <div class='ocr_carea' id='block_1_5' title="bbox 466 2249 1281 2380">
    <p class='ocr_par' dir='ltr' id='par_1_8' title="bbox 466 2249 1281 2380">
     <span class='ocr_line' id='line_1_23' title="bbox 466 2249 1281 2380; baseline -0.011 -12"><span class='ocrx_word' id='word_1_119' title='bbox 466 2303 504 2368; x_wconf 89' lang='lat'><strong>11</strong></span> <span class='ocrx_word' id='word_1_120' title='bbox 543 2267 547 2274; x_wconf 87' lang='lat'><strong>·</strong></span> <span class='ocrx_word' id='word_1_121' title='bbox 625 2295 909 2380; x_wconf 74' lang='lat' dir='ltr'><strong>Episcopietipaia</strong></span> <span class='ocrx_word' id='word_1_122' title='bbox 924 2297 1002 2356; x_wconf 76' lang='lat' dir='ltr'><strong>Sabe</strong></span> <span class='ocrx_word' id='word_1_123' title='bbox 1018 2249 1281 2361; x_wconf 47' lang='lat' dir='ltr'><strong>mmmm-</strong></span> 
     </span>
    </p>
   </div>
   <div class='ocr_carea' id='block_1_6' title="bbox 447 2381 1282 4168">
    <p class='ocr_par' dir='ltr' id='par_1_9' title="bbox 447 2381 1282 4168">
     <span class='ocr_line' id='line_1_24' title="bbox 582 2381 1280 2465; baseline -0.004 -20"><span class='ocrx_word' id='word_1_124' title='bbox 582 2385 619 2445; x_wconf 90' lang='lat' dir='ltr'><strong>eii</strong></span> <span class='ocrx_word' id='word_1_125' title='bbox 640 2381 828 2465; x_wconf 77' lang='lat' dir='ltr'><strong>patriarchen</strong></span> <span class='ocrx_word' id='word_1_126' title='bbox 848 2381 994 2442; x_wconf 70' lang='lat' dir='ltr'><strong>ministris</strong></span> <span class='ocrx_word' id='word_1_127' title='bbox 1014 2385 1142 2462; x_wconf 77' lang='lat' dir='ltr'><strong>meti,</strong></span> <span class='ocrx_word' id='word_1_128' title='bbox 1164 2383 1280 2446; x_wconf 70' lang='lat' dir='ltr'><strong>alarici·</strong></span> 
     </span>
     <span class='ocr_line' id='line_1_25' title="bbox 582 2467 1280 2548; baseline -0.001 -20"><span class='ocrx_word' id='word_1_129' title='bbox 582 2470 618 2529; x_wconf 91' lang='lat' dir='ltr'><strong>ab</strong></span> <span class='ocrx_word' id='word_1_130' title='bbox 632 2469 827 2548; x_wconf 69' lang='lat' dir='ltr'><strong>imperatore,</strong></span> <span class='ocrx_word' id='word_1_131' title='bbox 849 2467 932 2547; x_wconf 89' lang='lat' dir='ltr'><strong>quod</strong></span> <span class='ocrx_word' id='word_1_132' title='bbox 947 2470 985 2528; x_wconf 91' lang='lat' dir='ltr'><strong>ab</strong></span> <span class='ocrx_word' id='word_1_133' title='bbox 1000 2467 1167 2532; x_wconf 78' lang='lat' dir='ltr'><strong>Athamaio</strong></span> <span class='ocrx_word' id='word_1_134' title='bbox 1180 2489 1215 2532; x_wconf 82' lang='lat' dir='ltr'><strong>ee</strong></span> <span class='ocrx_word' id='word_1_135' title='bbox 1227 2469 1280 2528; x_wconf 87' lang='lat' dir='ltr'><strong>ab·</strong></span> 
     </span>
     <span class='ocr_line' id='line_1_26' title="bbox 581 2552 1280 2636; baseline 0 -22"><span class='ocrx_word' id='word_1_136' title='bbox 581 2553 770 2632; x_wconf 71' lang='lat' dir='ltr'><strong>scinderent,</strong></span> <span class='ocrx_word' id='word_1_137' title='bbox 791 2552 985 2617; x_wconf 79' lang='lat' dir='ltr'><strong>inclementer</strong></span> <span class='ocrx_word' id='word_1_138' title='bbox 1003 2553 1116 2615; x_wconf 82' lang='lat' dir='ltr'><strong>hobin&#39;e</strong></span> <span class='ocrx_word' id='word_1_139' title='bbox 1134 2575 1168 2616; x_wconf 91' lang='lat' dir='ltr'><strong>aa</strong></span> <span class='ocrx_word' id='word_1_140' title='bbox 1181 2555 1280 2636; x_wconf 84' lang='lat' dir='ltr'><strong>palam</strong></span> 
     </span>
     <span class='ocr_line' id='line_1_27' title="bbox 581 2637 1279 2720; baseline 0.003 -22"><span class='ocrx_word' id='word_1_141' title='bbox 581 2637 764 2717; x_wconf 73' lang='lat' dir='ltr'><strong>odinngnnt;</strong></span> <span class='ocrx_word' id='word_1_142' title='bbox 793 2647 823 2699; x_wconf 90' lang='lat' dir='ltr'><strong>et</strong></span> <span class='ocrx_word' id='word_1_143' title='bbox 850 2638 982 2718; x_wconf 87' lang='lat' dir='ltr'><strong>primum</strong></span> <span class='ocrx_word' id='word_1_144' title='bbox 1008 2638 1216 2720; x_wconf 76' lang='lat' dir='ltr'><strong>patriarcham</strong></span> <span class='ocrx_word' id='word_1_145' title='bbox 1245 2639 1279 2700; x_wconf 80' lang='lat' dir='ltr'><strong>tle</strong></span> 
     </span>
     <span class='ocr_line' id='line_1_28' title="bbox 580 2723 1279 2802; baseline 0 -17"><span class='ocrx_word' id='word_1_146' title='bbox 580 2743 704 2785; x_wconf 85' lang='lat' dir='ltr'><strong>enorum</strong></span> <span class='ocrx_word' id='word_1_147' title='bbox 731 2723 899 2788; x_wconf 74' lang='lat' dir='ltr'><strong>excmaibna</strong></span> <span class='ocrx_word' id='word_1_148' title='bbox 926 2724 1105 2802; x_wconf 76' lang='lat' dir='ltr'><strong>admonent,</strong></span> <span class='ocrx_word' id='word_1_149' title='bbox 1135 2725 1279 2787; x_wconf 85' lang='lat' dir='ltr'><strong>deindea</strong></span> 
     </span>
     <span class='ocr_line' id='line_1_29' title="bbox 580 2809 1280 2890; baseline -0.003 -21"><span class='ocrx_word' id='word_1_150' title='bbox 580 2809 757 2890; x_wconf 73' lang='lat' dir='ltr'><strong>negligentia</strong></span> <span class='ocrx_word' id='word_1_151' title='bbox 770 2809 941 2872; x_wconf 81' lang='lat' dir='ltr'><strong>eetiafacere</strong></span> <span class='ocrx_word' id='word_1_152' title='bbox 953 2811 1171 2871; x_wconf 87' lang='lat' dir='ltr'><strong>communione</strong></span> <span class='ocrx_word' id='word_1_153' title='bbox 1183 2831 1218 2872; x_wconf 89' lang='lat' dir='ltr'><strong>ae</strong></span> <span class='ocrx_word' id='word_1_154' title='bbox 1231 2809 1280 2868; x_wconf 85' lang='lat' dir='ltr'><strong>ab·</strong></span> 
     </span>
     <span class='ocr_line' id='line_1_30' title="bbox 580 2893 1279 2978; baseline 0.003 -22"><span class='ocrx_word' id='word_1_155' title='bbox 580 2895 719 2974; x_wconf 77' lang='lat' dir='ltr'><strong>iungunt.</strong></span> <span class='ocrx_word' id='word_1_156' title='bbox 763 2893 893 2973; x_wconf 87' lang='lat' dir='ltr'><strong>denique</strong></span> <span class='ocrx_word' id='word_1_157' title='bbox 905 2915 961 2976; x_wconf 92' lang='lat' dir='ltr'><strong>per</strong></span> <span class='ocrx_word' id='word_1_158' title='bbox 973 2895 1078 2956; x_wconf 76' lang='lat' dir='ltr'><strong>minace</strong></span> <span class='ocrx_word' id='word_1_159' title='bbox 1093 2897 1135 2956; x_wconf 90' lang='lat' dir='ltr'><strong>ad</strong></span> <span class='ocrx_word' id='word_1_160' title='bbox 1148 2895 1279 2978; x_wconf 87' lang='lat' dir='ltr'><strong>impera·</strong></span> 
     </span>
     <span class='ocr_line' id='line_1_31' title="bbox 579 2980 1280 3060; baseline 0 -20"><span class='ocrx_word' id='word_1_161' title='bbox 579 2990 677 3060; x_wconf 84' lang='lat' dir='ltr'><strong>torem</strong></span> <span class='ocrx_word' id='word_1_162' title='bbox 694 2980 770 3040; x_wconf 91' lang='lat' dir='ltr'><strong>duoa</strong></span> <span class='ocrx_word' id='word_1_163' title='bbox 785 2999 853 3040; x_wconf 76' lang='lat' dir='ltr'><strong>nrm</strong></span> <span class='ocrx_word' id='word_1_164' title='bbox 868 2981 999 3058; x_wconf 75' lang='lat' dir='ltr'><strong>graviter</strong></span> <span class='ocrx_word' id='word_1_165' title='bbox 1017 2991 1144 3042; x_wconf 90' lang='lat' dir='ltr'><strong>monent</strong></span> <span class='ocrx_word' id='word_1_166' title='bbox 1157 3001 1196 3042; x_wconf 85' lang='lat' dir='ltr'><strong>ne</strong></span> <span class='ocrx_word' id='word_1_167' title='bbox 1208 2981 1280 3041; x_wconf 89' lang='lat' dir='ltr'><strong>actia</strong></span> 
     </span>
     <span class='ocr_line' id='line_1_32' title="bbox 579 3063 1279 3148; baseline 0.007 -23"><span class='ocrx_word' id='word_1_168' title='bbox 579 3063 904 3126; x_wconf 78' lang='lat' dir='ltr'><strong>inconvenientiaaimis</strong></span> <span class='ocrx_word' id='word_1_169' title='bbox 915 3066 1050 3127; x_wconf 83' lang='lat' dir='ltr'><strong>savorem</strong></span> <span class='ocrx_word' id='word_1_170' title='bbox 1062 3065 1216 3148; x_wconf 68' lang='lat' dir='ltr'><strong>praebent</strong></span> <span class='ocrx_word' id='word_1_171' title='bbox 1231 3067 1279 3131; x_wconf 79' lang='lat' dir='ltr'><strong>l.2</strong></span> 
     </span>
     <span class='ocr_line' id='line_1_33' title="bbox 579 3157 671 3217; baseline 0 -5"><span class='ocrx_word' id='word_1_172' title='bbox 579 3171 606 3212; x_wconf 89' lang='lat' dir='ltr'><strong>c.</strong></span> <span class='ocrx_word' id='word_1_173' title='bbox 619 3157 671 3217; x_wconf 81' lang='lat'><strong>21.</strong></span> 
     </span>
     <span class='ocr_line' id='line_1_34' title="bbox 447 3233 1281 3314; baseline 0.001 -19"><span class='ocrx_word' id='word_1_174' title='bbox 447 3233 454 3244; x_wconf 88' lang='lat'>&#39;</span> <span class='ocrx_word' id='word_1_175' title='bbox 486 3264 491 3276; x_wconf 91' lang='lat'><strong>·</strong></span> <span class='ocrx_word' id='word_1_176' title='bbox 520 3247 545 3278; x_wconf 80' lang='lat'><strong>¹¹·</strong></span> <span class='ocrx_word' id='word_1_177' title='bbox 622 3233 1037 3314; x_wconf 78' lang='lat' dir='ltr'><strong>Abhocannol’aclrymerea</strong></span> <span class='ocrx_word' id='word_1_178' title='bbox 1051 3234 1217 3314; x_wconf 85' lang='lat' dir='ltr'><strong>imperinm</strong></span> <span class='ocrx_word' id='word_1_179' title='bbox 1226 3235 1281 3296; x_wconf 84' lang='lat' dir='ltr'><strong>tti-</strong></span> 
     </span>
     <span class='ocr_line' id='line_1_35' title="bbox 470 3297 1279 3400; baseline 0 -20"><span class='ocrx_word' id='word_1_180' title='bbox 470 3347 496 3380; x_wconf 73' lang='grc' dir='ltr'><strong>οι</strong></span> <span class='ocrx_word' id='word_1_181' title='bbox 520 3297 546 3328; x_wconf 65' lang='grc'><strong>“’</strong></span> <span class='ocrx_word' id='word_1_182' title='bbox 580 3319 694 3380; x_wconf 72' lang='grc' dir='ltr'><strong>εῙιεὸΙΞι</strong></span> <span class='ocrx_word' id='word_1_183' title='bbox 708 3318 836 3382; x_wconf 76' lang='lat' dir='ltr'><strong>iuniori·</strong></span> <span class='ocrx_word' id='word_1_184' title='bbox 852 3319 979 3397; x_wconf 74' lang='lat' dir='ltr'><strong>Augneti</strong></span> <span class='ocrx_word' id='word_1_185' title='bbox 989 3319 1132 3398; x_wconf 86' lang='lat' dir='ltr'><strong>inchoat,</strong></span> <span class='ocrx_word' id='word_1_186' title='bbox 1155 3342 1279 3400; x_wconf 88' lang='lat' dir='ltr'><strong>compa-</strong></span> 
     </span>
     <span class='ocr_line' id='line_1_36' title="bbox 579 3403 1278 3472; baseline 0 -6"><span class='ocrx_word' id='word_1_187' title='bbox 579 3425 650 3466; x_wconf 83' lang='lat' dir='ltr'><strong>rene</strong></span> <span class='ocrx_word' id='word_1_188' title='bbox 674 3411 714 3472; x_wconf 78' lang='lat'><strong>12</strong></span> <span class='ocrx_word' id='word_1_189' title='bbox 730 3403 820 3468; x_wconf 67' lang='lat' dir='ltr'><strong>huius</strong></span> <span class='ocrx_word' id='word_1_190' title='bbox 837 3425 951 3465; x_wconf 86' lang='lat' dir='ltr'><strong>anunm</strong></span> <span class='ocrx_word' id='word_1_191' title='bbox 964 3425 1033 3464; x_wconf 86' lang='lat' dir='ltr'><strong>cum</strong></span> <span class='ocrx_word' id='word_1_192' title='bbox 1052 3411 1094 3472; x_wconf 74' lang='lat'><strong>25</strong></span> <span class='ocrx_word' id='word_1_193' title='bbox 1105 3403 1204 3469; x_wconf 81' lang='lat' dir='ltr'><strong>illino.</strong></span> <span class='ocrx_word' id='word_1_194' title='bbox 1227 3407 1278 3470; x_wconf 77' lang='lat' dir='ltr'><strong>tt</strong></span> 
     </span>
     <span class='ocr_line' id='line_1_37' title="bbox 580 3489 1280 3570; baseline 0 -20"><span class='ocrx_word' id='word_1_195' title='bbox 580 3511 606 3556; x_wconf 90' lang='lat' dir='ltr'><strong>c.</strong></span> <span class='ocrx_word' id='word_1_196' title='bbox 621 3496 650 3555; x_wconf 91' lang='lat'><strong>1.</strong></span> <span class='ocrx_word' id='word_1_197' title='bbox 691 3491 774 3554; x_wconf 86' lang='lat' dir='ltr'><strong>unde</strong></span> <span class='ocrx_word' id='word_1_198' title='bbox 792 3499 913 3570; x_wconf 84' lang='lat' dir='ltr'><strong>oportet</strong></span> <span class='ocrx_word' id='word_1_199' title='bbox 936 3489 1112 3552; x_wconf 74' lang='lat' dir='ltr'><strong>Michadlem</strong></span> <span class='ocrx_word' id='word_1_200' title='bbox 1134 3492 1280 3570; x_wconf 80' lang='lat' dir='ltr'><strong>collegem</strong></span> 
     </span>
     <span class='ocr_line' id='line_1_38' title="bbox 578 3575 1280 3655; baseline 0 -19"><span class='ocrx_word' id='word_1_201' title='bbox 578 3575 640 3636; x_wconf 88' lang='lat' dir='ltr'><strong>hoc</strong></span> <span class='ocrx_word' id='word_1_202' title='bbox 662 3595 741 3644; x_wconf 76' lang='lat' dir='ltr'><strong>enno</strong></span> <span class='ocrx_word' id='word_1_203' title='bbox 762 3575 854 3636; x_wconf 86' lang='lat' dir='ltr'><strong>luiaae</strong></span> <span class='ocrx_word' id='word_1_204' title='bbox 871 3575 1071 3655; x_wconf 85' lang='lat' dir='ltr'><strong>declaratum,</strong></span> <span class='ocrx_word' id='word_1_205' title='bbox 1095 3577 1280 3638; x_wconf 87' lang='lat' dir='ltr'><strong>etaitantum</strong></span> 
     </span>
     <span class='ocr_line' id='line_1_39' title="bbox 579 3659 1280 3743; baseline -0.001 -22"><span class='ocrx_word' id='word_1_206' title='bbox 579 3661 717 3740; x_wconf 76' lang='lat' dir='ltr'><strong>coquenti</strong></span> <span class='ocrx_word' id='word_1_207' title='bbox 739 3661 789 3724; x_wconf 89' lang='lat' dir='ltr'><strong>die</strong></span> <span class='ocrx_word' id='word_1_208' title='bbox 808 3666 848 3726; x_wconf 80' lang='lat'><strong>21</strong></span> <span class='ocrx_word' id='word_1_209' title='bbox 872 3659 943 3720; x_wconf 78' lang='lat' dir='ltr'><strong>Maii</strong></span> <span class='ocrx_word' id='word_1_210' title='bbox 964 3680 1080 3721; x_wconf 80' lang='lat' dir='ltr'><strong>anovo</strong></span> <span class='ocrx_word' id='word_1_211' title='bbox 1108 3661 1280 3743; x_wconf 66' lang='lat' dir='ltr'><strong>pemiarclre</strong></span> 
     </span>
     <span class='ocr_line' id='line_1_40' title="bbox 581 3743 1280 3828; baseline 0.001 -23"><span class='ocrx_word' id='word_1_212' title='bbox 581 3756 743 3808; x_wconf 86' lang='lat' dir='ltr'><strong>coronatua</strong></span> <span class='ocrx_word' id='word_1_213' title='bbox 773 3743 875 3806; x_wconf 85' lang='lat' dir='ltr'><strong>fuerit.</strong></span> <span class='ocrx_word' id='word_1_214' title='bbox 925 3744 1125 3825; x_wconf 79' lang='lat' dir='ltr'><strong>Athannaiua,</strong></span> <span class='ocrx_word' id='word_1_215' title='bbox 1164 3746 1280 3828; x_wconf 85' lang='lat' dir='ltr'><strong>ecripto</strong></span> 
     </span>
     <span class='ocr_line' id='line_1_41' title="bbox 580 3827 1281 3912; baseline -0.001 -19"><span class='ocrx_word' id='word_1_216' title='bbox 580 3831 649 3893; x_wconf 85' lang='lat' dir='ltr'><strong>deta</strong></span> <span class='ocrx_word' id='word_1_217' title='bbox 666 3827 886 3912; x_wconf 72' lang='lat' dir='ltr'><strong>patriarchatui</strong></span> <span class='ocrx_word' id='word_1_218' title='bbox 905 3830 1055 3908; x_wconf 88' lang='lat' dir='ltr'><strong>ceaeione,</strong></span> <span class='ocrx_word' id='word_1_219' title='bbox 1077 3831 1112 3892; x_wconf 91' lang='lat' dir='ltr'><strong>in</strong></span> <span class='ocrx_word' id='word_1_220' title='bbox 1130 3841 1281 3894; x_wconf 83' lang='lat' dir='ltr'><strong>monoate-</strong></span> 
     </span>
     <span class='ocr_line' id='line_1_42' title="bbox 580 3915 1282 4000; baseline 0.003 -24"><span class='ocrx_word' id='word_1_221' title='bbox 580 3917 658 3978; x_wconf 87' lang='lat' dir='ltr'><strong>rium</strong></span> <span class='ocrx_word' id='word_1_222' title='bbox 672 3915 785 4000; x_wconf 86' lang='lat' dir='ltr'><strong>recedit</strong></span> <span class='ocrx_word' id='word_1_223' title='bbox 798 3916 847 3976; x_wconf 88' lang='lat' dir='ltr'><strong>die</strong></span> <span class='ocrx_word' id='word_1_224' title='bbox 863 3919 904 3984; x_wconf 87' lang='lat'><strong>16</strong></span> <span class='ocrx_word' id='word_1_225' title='bbox 917 3917 1074 3994; x_wconf 82' lang='lat' dir='ltr'><strong>Octobrie,</strong></span> <span class='ocrx_word' id='word_1_226' title='bbox 1097 3920 1186 3978; x_wconf 87' lang='lat' dir='ltr'><strong>annia</strong></span> <span class='ocrx_word' id='word_1_227' title='bbox 1203 3937 1282 3998; x_wconf 76' lang='lat' dir='ltr'><strong>qoa-</strong></span> 
     </span>
     <span class='ocr_line' id='line_1_43' title="bbox 581 4001 1281 4084; baseline 0.003 -22"><span class='ocrx_word' id='word_1_228' title='bbox 581 4012 651 4062; x_wconf 87' lang='lat' dir='ltr'><strong>tnor</strong></span> <span class='ocrx_word' id='word_1_229' title='bbox 672 4011 701 4064; x_wconf 89' lang='lat' dir='ltr'><strong>et</strong></span> <span class='ocrx_word' id='word_1_230' title='bbox 724 4001 842 4062; x_wconf 89' lang='lat' dir='ltr'><strong>duobua</strong></span> <span class='ocrx_word' id='word_1_231' title='bbox 869 4001 997 4083; x_wconf 89' lang='lat' dir='ltr'><strong>inanper</strong></span> <span class='ocrx_word' id='word_1_232' title='bbox 1020 4001 1126 4063; x_wconf 88' lang='lat' dir='ltr'><strong>diebna</strong></span> <span class='ocrx_word' id='word_1_233' title='bbox 1149 4003 1281 4084; x_wconf 76' lang='lat' dir='ltr'><strong>patriar-</strong></span> 
     </span>
     <span class='ocr_line' id='line_1_44' title="bbox 581 4085 1280 4168; baseline 0.003 -22"><span class='ocrx_word' id='word_1_234' title='bbox 581 4085 661 4148; x_wconf 84' lang='lat' dir='ltr'><strong>choli</strong></span> <span class='ocrx_word' id='word_1_235' title='bbox 673 4087 817 4168; x_wconf 84' lang='lat' dir='ltr'><strong>dignitate</strong></span> <span class='ocrx_word' id='word_1_236' title='bbox 827 4108 974 4168; x_wconf 80' lang='lat' dir='ltr'><strong>poeaeeoe.</strong></span> <span class='ocrx_word' id='word_1_237' title='bbox 997 4088 1046 4152; x_wconf 83' lang='lat' dir='ltr'><strong>l.2</strong></span> <span class='ocrx_word' id='word_1_238' title='bbox 1059 4108 1076 4146; x_wconf 85' lang='lat' dir='ltr'><strong>e</strong></span> <span class='ocrx_word' id='word_1_239' title='bbox 1092 4092 1170 4154; x_wconf 77' lang='lat' dir='ltr'><strong>c22</strong></span> <span class='ocrx_word' id='word_1_240' title='bbox 1181 4089 1220 4148; x_wconf 85' lang='lat' dir='ltr'><strong>ad</strong></span> <span class='ocrx_word' id='word_1_241' title='bbox 1230 4089 1280 4154; x_wconf 60' lang='lat'><strong>26</strong></span> 
     </span>
    </p>
   </div>
   <div class='ocr_carea' id='block_1_7' title="bbox 579 4189 1284 4355">
    <p class='ocr_par' dir='ltr' id='par_1_10' title="bbox 579 4189 1284 4355">
     <span class='ocr_line' id='line_1_45' title="bbox 622 4189 1283 4252; baseline 0 -2"><span class='ocrx_word' id='word_1_242' title='bbox 622 4189 718 4250; x_wconf 82' lang='lat' dir='ltr'><strong>Molee</strong></span> <span class='ocrx_word' id='word_1_243' title='bbox 739 4190 841 4252; x_wconf 85' lang='lat' dir='ltr'><strong>Maanr</strong></span> <span class='ocrx_word' id='word_1_244' title='bbox 861 4189 984 4250; x_wconf 86' lang='lat' dir='ltr'><strong>auxiliia</strong></span> <span class='ocrx_word' id='word_1_245' title='bbox 1002 4189 1160 4250; x_wconf 73' lang='lat' dir='ltr'><strong>Perennem</strong></span> <span class='ocrx_word' id='word_1_246' title='bbox 1176 4198 1283 4250; x_wconf 84' lang='lat' dir='ltr'><strong>contra</strong></span> 
     </span>
     <span class='ocr_line' id='line_1_46' title="bbox 579 4273 1284 4355; baseline -0.003 -19"><span class='ocrx_word' id='word_1_247' title='bbox 579 4284 708 4338; x_wconf 86' lang='lat' dir='ltr'><strong>veterem</strong></span> <span class='ocrx_word' id='word_1_248' title='bbox 747 4273 865 4338; x_wconf 81' lang='lat' dir='ltr'><strong>hoetem</strong></span> <span class='ocrx_word' id='word_1_249' title='bbox 901 4274 1058 4336; x_wconf 79' lang='lat' dir='ltr'><strong>Amorinrn</strong></span> <span class='ocrx_word' id='word_1_250' title='bbox 1091 4275 1284 4355; x_wconf 73' lang='lat' dir='ltr'><strong>praevalent,</strong></span> 
     </span>
    </p>
   </div>
   <div class='ocr_carea' id='block_1_8' title="bbox 0 0 1384 4776">
    <p class='ocr_par' dir='ltr' id='par_1_11' title="bbox 0 0 1384 4776">
     <span class='ocr_line' id='line_1_47' title="bbox 0 0 1384 4776; baseline 0 1"><span class='ocrx_word' id='word_1_251' title='bbox 0 0 1384 4776; x_wconf 95' lang='lat' dir='ltr'><strong> </strong></span> 
     </span>
    </p>
   </div>
  </div>
 </body>
</html>
