2782 4792
399 297 543 380 funt.
596 283 872 384 messenum.
1121 309 1199 385 etr

80 495 176 554 tinum
197 497 349 554 uestinum
363 493 556 574 papilionem
574 493 638 554 sive
662 493 822 556 umbellam
839 496 984 580 potuerit.
1027 495 1081 558 sed
1097 500 1197 560 omnia
1224 487 1227 494 ’

79 577 157 640 liaec
174 578 348 640 arbitranda
368 600 464 658 aequo
490 589 520 640 et
543 579 662 646 erudito
686 581 795 642 lectori
816 581 1045 663 permittantur:
1074 582 1197 646 interim

80 663 169 740 dnm,
191 683 268 744 queo
286 664 381 724 multe
396 685 452 725 nos
463 671 577 726 vocent
589 665 646 732 elie
655 711 663 741 ‚
685 669 906 748 prosequimur.

164 750 183 811 δ
189 751 280 830 ιωρί
287 775 307 812 α
329 770 359 830 p·
377 753 440 816 389
454 771 485 813 v,
503 755 535 816 8.
569 750 678 811 'videri
702 761 806 832 poscet
823 753 952 834 διωρίαν
971 750 1023 812 hic
1037 751 1099 812 dici
1118 751 1196 812 dua·

79 839 148 896 rum
162 833 308 894 horarum
322 835 471 914 spatium,
493 834 571 894 sicut
585 836 752 908 cretionem
764 838 915 914 (Ausonio
929 847 1035 918 poetae
1050 848 1197 920 usurpate

78 915 239 1002 vox)'tres
260 921 350 980 hores
372 919 510 980 indicit:
532 921 586 980 aed
609 942 670 980 non
693 931 738 981 est
759 923 810 985 ita.
853 944 923 982 nam
943 923 1058 1003 glossae
1078 933 1197 990 veteres

78 1005 244 1086 universim
273 1013 433 1086 exponunt
463 1006 574 1088 διωρία
597 1006 791 1087 intercapedo
818 1012 967 1088 epatium.
1008 1015 1049 1069 'et
1070 1007 1196 1069 Suidase

79 1091 189 1174 διωρία
212 1085 387 1170 ἇνακωχήι·
403 1091 487 1170 quod
505 1093 615 1174 probet
630 1091 762 1153 adducto
780 1094 883 1154 stetim
899 1087 974 1154 'leco
994 1113 1032 1153 ex
1050 1093 1195 1174 quodam,

78 1185 113 1236 ut
126 1185 262 1256 apparet,
277 1175 440 1236 historico:
462 1169 557 1253 δόξαν
571 1173 602 1250 δ’
616 1178 774 1242 ἐπανεῖναι
787 1174 846 1260 τήν
858 1169 1046 1260 πολιορκίαν,
1059 1177 1112 1248 καί
1125 1180 1195 1242 διω-

78 1261 150 1344 ρίαν
166 1263 266 1341 βουλῇ
267 1287 282 1337 ς
297 1267 359 1334 τοῖς
375 1269 567 1336 στασιασταῖς
585 1269 757 1344 παρασχεῖν.
801 1263 871 1323 cnm
886 1275 989 1323 nutem
1005 1276 1079 1338 esset
1092 1266 1194 1332 vienne

78 1345 291 1405 remittendum
303 1349 562 1426 oppugnationem
578 1349 666 1407 urbis
677 1361 705 1406 et
715 1351 851 1428 spatium
861 1347 1051 1409 deliberandi
1065 1347 1193 1422 ecditio-

77 1432 124 1489 eie
130 1429 278 1492 dandum.
299 1452 369 1510 ergo
380 1433 448 1492 etin
457 1432 516 1492 hec
527 1433 644 1511 relique
653 1433 777 1494 historia
785 1445 888 1496 noster
897 1435 1054 1516 aliquoties
1063 1435 1194 1515 διωρίαν

77 1531 137 1598 pro
153 1537 237 1576 mora
248 1526 279 1576 et
291 1519 401 1598 spatio,
423 1539 484 1596 quo
495 1525 633 1582 ‘ceremur
649 1529 699 1578 aut
714 1519 908 1598 deliberatur,
920 1520 1018 1602 penit,
1030 1529 1065 1579 ut
1082 1541 1113 1599 p.
1127 1519 1194 1584 497

77 1621 108 1662 v.
124 1606 179 1667 12:
200 1600 234 1666 ίν
246 1603 385 1688 διωρίαις
399 1601 494 1666 ἐτίθει
508 1600 546 1666 roi
559 1600 630 1666 κατ’
644 1603 771 1676 ἐκεῖνον.
812 1606 912 1666 utitur
922 1617 954 1666 et
968 1604 1027 1665 hoc
1040 1604 1192 1680 vocabulo

77 1687 110 1750 S.
121 1686 220 1747 ebbae
235 1687 322 1746 Nilus
335 1685 509 1769 in'epistele
522 1689 608 1749 iuxta
621 1689 782 1752 editionem
800 1697 931 1752 nostrum
946 1691 1008 1757 150
1022 1711 1053 1771 P·
1066 1689 1128 1757 159
1143 1684 1193 1771 (in

75 1773 244 1853 poiteriore
265 1781 296 1832 et
311 1773 401 1850 longe
420 1773 558 1854 pleniore
579 1774 728 1833 Allatiana
749 1785 795 1834 est
815 1777 918 1841 2131.
940 1769 959 1840 8
979 1795 1010 1856 p.
1029 1777 1110 1851 896,
1141 1769 1192 1831 in-

74 1857 188 1938 scripta
205 1857 388 1937 llodomino,
411 1879 478 1918 cum
492 1861 525 1918 in
544 1859 709 1939 archetypo
724 1860 807 1919 unde
828 1860 972 1941 descripsi
988 1860 1122 1919 Mediceo
1137 1878 1192 1926 co-

75 1942 146 2003 dice
164 1943 236 2002 olim
253 1944 375 2021 legerim
396 1963 452 2022 ego
477 1954 508 2002 et
529 1944 675 2004 ediderim
691 1944 916 2025 erodonymo).
958 1944 1002 2002 ibi
1024 1965 1094 2023 ergo
1114 1942 1191 2003 haec
1268 2003 1278 2020 ,

74 2028 247 2107 loquentem
263 2029 336 2088 lecit
347 2038 472 2088 ‘suumne
489 2039 574 2109 peter
593 2039 784 2110 peccatorem
800 2029 1048 2110 impoenitentem
1063 2030 1096 2087 in
1110 2027 1191 2108 iudi-

76 2113 123 2172 cio
139 2133 296 2194 supremo:
318 2112 401 2194 οίμοι
415 2119 482 2188 πῶς
495 2113 639 2188 ἑκουσίως
650 2109 791 2178 ἀπώλεσα
802 2109 859 2195 τὴν
874 2115 1000 2198 διωρίαν
1013 2117 1069 2176 τοῦ
1081 2113 1189 2195 nepet-

72 2193 189 2271 δόντος
199 2191 310 2278 χρόνον
316 2199 330 2260 ί
350 2199 498 2271 heimini,
520 2199 607 2279 quod
620 2201 722 2269 velena
728 2221 848 2280 paesns
861 2201 937 2258 snm'
946 2200 1069 2279 ey‘fluer'e
1084 2199 1119 2256 in
1130 2217 1189 2272 ve.

75 2303 152 2343 num
165 2286 306 2361 spatium
319 2287 472 2343 transacti
485 2287 629 2364 temporie
642 2283 689 2343 ad
697 2283 919 2374 poenitentium
933 2285 1124 2344 concessum!

83 2391 85 2398 ‘
162 2364 410 2450 δνκλητεύειν
422 2391 457 2448 p.
474 2375 536 2434 370
552 2371 581 2430 ‘v.
594 2375 626 2437 9.
667 2391 707 2429 ‘nn
721 2363 909 2453 ἒγκλητειῖειν
923 2370 1093 2450 reperietur
1106 2367 1187 2448 apud

74 2452 170 2513 elium
186 2456 335 2514 Graecum
350 2463 520 2530 auctorem,
543 2456 647 2514 dicent
661 2457 713 2534 qui
729 2457 832 2516 omnes
847 2477 895 2516 me
910 2454 1082 2533 diligentius
1098 2453 1189 2531 lege-

74 2547 159 2598 r'nnt.
201 2539 288 2614 milri,
308 2541 366 2602 ,etsi
378 2539 451 2600 alibi
465 2561 526 2598 non
541 2541 723 2620 occurrerit,
745 2562 807 2600 non
827 2541 885 2601 fuit
902 2540 992 2608 dubia
1009 2539 1071 2598 eius
1088 2539 1185 2612 notio,

72 2625 181 2702 ntique
204 2624 378 2685 recordanti
403 2623 544 2706 ἔγιιλητον
567 2627 657 2706 δίκην
679 2626 782 2688 vocari
800 2627 885 2686 litem
907 2625 945 2690 de
963 2626 1047 2685 cuius
1069 2621 1188 2684 iudicio

71 2718 275 2790 provocatum
296 2709 354 2784 eit3
390 2719 421 2770 et
444 2713 544 2771 lorum
563 2713 595 2772 in
612 2719 673 2800 quo
694 2731 732 2772 ex
747 2709 963 2793 provocatione
986 2709 1185 2790 disceptatur,

73 2791 218 2876 ίγιιλητον
229 2791 437 2878 δικαστήριον.
853 2795 855 2798 ’
1168 2859 1169 2866 ,

160 2875 354 2960 inponere
374 2903 406 2960 p·
424 2883 485 2946 118
503 2903 532 2941 v.
550 2888 579 2948 8.
623 2882 714 2942 verba
740 2880 816 2942 haec
837 2881 1013 2941 referuntur
1035 2895 1074 2938 ex
1099 2877 1187 2938 tomo

73 2965 214 3042 Gregorii
234 2961 339 3048 Cyprii
358 2966 685 3047 constantinopolitani
706 2966 902 3046 patriarchae.
946 2965 975 3040 ei
987 2961 1021 3028 δὲ
1035 2961 1088 3025 καῖ
1101 2957 1186 3066 nequi

72 3051 119 3134 ne
138 3045 386 3134 θεολογιιιωιοίτῳ
403 3055 599 3138 Δαμασκηνςδ
621 3049 654 3117 nt
675 3049 726 3114 διδ
749 3052 838 3135 λόγον
860 3047 983 3132 ,εὕρηται
1004 3050 1186 3136 προβολενς,

73 3127 115 3198 ον’
130 3131 187 3215 τήν
208 3137 252 3210 εἰς
269 3133 304 3201 ἰδ
322 3132 564 3217 electioneque
583 3141 642 3199 reri
658 3131 831 3217 πνεύματος
847 3131 981 3217 πρόοδον
999 3133 1113 3215 ρ’λίξις
1127 3135 1196 3212 dq-v

72 3223 149 3282 λοῦν
163 3216 304 3302 βούλεται
321 3216 398 3284 riiloi
412 3217 469 3302 τήν
486 3223 529 3296 eie
546 3217 647 3286 οῖῖδιον
663 3222 818 3302 inuenero.
862 3239 931 3281 cum
945 3219 1063 3300 saepius
1078 3218 1183 3300 paucis

72 3304 121 3364 hie
135 3307 272 3369 versibus
291 3315 446 3388 repetatur
460 3329 521 3368 vox
538 3307 698 3386 ἔκφανσις,
721 3309 812 3378 semel
830 3316 950 3367 tentum
965 3306 1062 3366 codex
1079 3312 1184 3386 noster

72 3409 137 3450 cem
159 3391 305 3472 exprimit
324 3391 427 3452 addito
452 3415 487 3468 ν,
522 3393 595 3451 alias
620 3391 745 3472 ἔνφασις
764 3393 904 3454 scribens.
956 3389 1037 3452 unde
1055 3387 1183 3452 verebar

72 3475 211 3553 equidem
233 3477 383 3555 corrigere
405 3485 451 3537 tot
469 3479 536 3539 lece
560 3477 673 3538 indicio
695 3479 800 3554 unius,
826 3478 884 3550 nisi
905 3472 1183 3556 animadvertissem

71 3559 209 3621 codicem
223 3560 402 3622 Vaticanum
421 3573 594 3622 constanter
609 3563 756 3644 ίνφανσιν
772 3564 910 3624 scribere.
951 3561 1024 3620 inde
1042 3555 1194 3618 intellexi

72 3645 118 3704 sic
136 3667 242 3706 revere
263 3648 409 3728 scriptum
428 3669 443 3706 a
460 3648 657 3727 Pachynum-e,
679 3669 761 3710 more
781 3649 888 3735 utique
901 3656 1021 3726 recepto
1040 3643 1181 3720 alierum,

72 3730 129 3790 etei
149 3753 358 3812 nonnusquam
380 3731 505 3810 ἔκφασις
521 3755 641 3812 quoque
658 3735 776 3814 legitur.
819 3734 872 3794 sed
892 3731 1014 3792 maioris
1036 3725 1188 3808 momenti

72 3816 166 3876 suerit
180 3818 334 3878 notionem
349 3820 475 3878 serutari
493 3821 575 3880 vocis
588 3819 690 3882 huius.
713 3820 805 3898 vulgo
818 3819 907 3882 video
921 3838 938 3886 a
952 3814 1076 3875 summis
1090 3812 1182 3872 theo.-
1255 3837 1256 3840 ¹

70 3901 148 3979 logie
164 3904 278 3963 Graeca
293 3903 399 3963 Latine
412 3903 607 3968 reddentibus
623 3905 782 3984 innocen,
803 3901 1015 3984 ἒιιφαντορίαν,
1036 3897 1188 3972 item*

72 3984 159 4068 ριιιδν
172 3991 294 4069 πνεῦμα
307 3989 522 4064 enuntiationis
537 3991 707 4068 significatu
722 3989 880 4051 declarari.
908 4007 970 4046 non
980 3982 1181 4064 reprehendo.

72 4072 139 4130 iure
159 4081 260 4133 temen
282 4095 349 4134 meo
365 4075 447 4135 risus
463 4074 537 4134 milii
556 4097 622 4135 eum
640 4096 728 4156 pesae
744 4075 802 4146 hec
821 4092 932 4146 nomen
950 4071 1061 4146 ducere
1080 4070 1117 4129 ab
1131 4067 1190 4138 ten.

71 4157 186 4235 φαίνω,
208 4168 355 4238 quatenus
370 4161 582 4240 sanctolum,
604 4171 639 4222 ut
655 4160 800 4239 inponere
816 4167 896 4219 recte
909 4164 1047 4216 vertatur
1060 4155 1181 4254 explen-

70 4240 237 4305 deeeentin.
282 4245 364 4326 qued
379 4245 564 4307 commodius
581 4247 619 4307 ad
636 4246 761 4306 subiecti
783 4245 841 4306 loci
860 4241 1056 4318 sententiam,
1078 4259 1110 4300 m
1126 4241 1183 4301 ial-

69 4327 136 4406 lor,
160 4329 298 4392 occidite
609 4353 610 4356 ¹
1189 4337 1191 4342 “
