<?xml version="1.0" encoding="UTF-8"?>
<!DOCTYPE html PUBLIC "-//W3C//DTD XHTML 1.0 Transitional//EN"
    "http://www.w3.org/TR/xhtml1/DTD/xhtml1-transitional.dtd">
<html xmlns="http://www.w3.org/1999/xhtml" xml:lang="en" lang="en">
 <head>
  <title>
</title>
<meta http-equiv="Content-Type" content="text/html;charset=utf-8" />
  <meta name='ocr-system' content='tesseract 3.04.00' />
  <meta name='ocr-capabilities' content='ocr_page ocr_carea ocr_par ocr_line ocrx_word'/>
</head>
<body>
  <div class='ocr_page' id='page_1' title='image "./georgiipachymer00pousgoog_0014.png"; bbox 0 0 2768 4786; ppageno 0'>
   <div class='ocr_carea' id='block_1_1' title="bbox 530 285 1251 392">
    <p class='ocr_par' dir='ltr' id='par_1_1' title="bbox 530 285 1251 392">
     <span class='ocr_line' id='line_1_1' title="bbox 530 285 1251 392; baseline 0.006 -20"><span class='ocrx_word' id='word_1_1' title='bbox 530 378 538 392; x_wconf 49' lang='lat'><strong>,</strong></span> <span class='ocrx_word' id='word_1_2' title='bbox 574 285 818 373; x_wconf 70' lang='lat' dir='ltr'><strong>Permitto</strong></span> <span class='ocrx_word' id='word_1_3' title='bbox 1215 331 1251 376; x_wconf 83' lang='lat' dir='ltr'><strong>tx</strong></span> 
     </span>
    </p>
   </div>
   <div class='ocr_carea' id='block_1_2' title="bbox 133 475 1335 4398">
    <p class='ocr_par' dir='ltr' id='par_1_2' title="bbox 133 475 1335 3466">
     <span class='ocr_line' id='line_1_2' title="bbox 136 475 1247 563; baseline -0.005 -14"><span class='ocrx_word' id='word_1_4' title='bbox 136 482 262 563; x_wconf 78' lang='lat' dir='ltr'><strong>mavit,</strong></span> <span class='ocrx_word' id='word_1_5' title='bbox 295 479 532 548; x_wconf 88' lang='lat' dir='ltr'><strong>Ottomanicam</strong></span> <span class='ocrx_word' id='word_1_6' title='bbox 560 477 716 562; x_wconf 77' lang='lat' dir='ltr'><strong>adaugens</strong></span> <span class='ocrx_word' id='word_1_7' title='bbox 742 476 881 544; x_wconf 83' lang='lat' dir='ltr'><strong>dilatavit</strong></span> <span class='ocrx_word' id='word_1_8' title='bbox 908 475 1069 546; x_wconf 85' lang='lat' dir='ltr'><strong>ditionem.</strong></span> <span class='ocrx_word' id='word_1_9' title='bbox 1117 501 1159 544; x_wconf 87' lang='lat' dir='ltr'><strong>ex</strong></span> <span class='ocrx_word' id='word_1_10' title='bbox 1188 479 1247 544; x_wconf 84' lang='lat' dir='ltr'><strong>hoc</strong></span> 
     </span>
     <span class='ocr_line' id='line_1_3' title="bbox 133 579 1245 653; baseline -0.004 0"><span class='ocrx_word' id='word_1_11' title='bbox 133 587 319 653; x_wconf 76' lang='lat' dir='ltr'><strong>Baiezethm</strong></span> <span class='ocrx_word' id='word_1_12' title='bbox 346 595 440 650; x_wconf 82' lang='lat' dir='ltr'><strong>natus</strong></span> <span class='ocrx_word' id='word_1_13' title='bbox 468 581 662 648; x_wconf 77' lang='lat' dir='ltr'><strong>Thessaliam</strong></span> <span class='ocrx_word' id='word_1_14' title='bbox 687 581 900 648; x_wconf 81' lang='lat' dir='ltr'><strong>Macedoniam</strong></span> <span class='ocrx_word' id='word_1_15' title='bbox 926 579 1094 647; x_wconf 83' lang='lat' dir='ltr'><strong>Phocidem</strong></span> <span class='ocrx_word' id='word_1_16' title='bbox 1113 581 1245 648; x_wconf 76' lang='lat' dir='ltr'><strong>Atticam</strong></span> 
     </span>
     <span class='ocr_line' id='line_1_4' title="bbox 133 683 1244 774; baseline -0.007 -17"><span class='ocrx_word' id='word_1_17' title='bbox 133 689 273 774; x_wconf 78' lang='lat' dir='ltr'><strong>Mysiam</strong></span> <span class='ocrx_word' id='word_1_18' title='bbox 300 699 333 754; x_wconf 87' lang='lat' dir='ltr'><strong>et</strong></span> <span class='ocrx_word' id='word_1_19' title='bbox 359 687 540 769; x_wconf 81' lang='lat' dir='ltr'><strong>Balgariam</strong></span> <span class='ocrx_word' id='word_1_20' title='bbox 560 685 683 753; x_wconf 88' lang='lat' dir='ltr'><strong>Graecis</strong></span> <span class='ocrx_word' id='word_1_21' title='bbox 710 685 830 773; x_wconf 86' lang='lat' dir='ltr'><strong>eripuit.</strong></span> <span class='ocrx_word' id='word_1_22' title='bbox 881 685 960 750; x_wconf 82' lang='lat' dir='ltr'><strong>vicit</strong></span> <span class='ocrx_word' id='word_1_23' title='bbox 976 700 1008 750; x_wconf 88' lang='lat' dir='ltr'><strong>at</strong></span> <span class='ocrx_word' id='word_1_24' title='bbox 1029 683 1157 752; x_wconf 85' lang='lat' dir='ltr'><strong>abduxit</strong></span> <span class='ocrx_word' id='word_1_25' title='bbox 1178 685 1244 750; x_wconf 55' lang='lat' dir='ltr'><strong>Tass</strong></span> 
     </span>
     <span class='ocr_line' id='line_1_5' title="bbox 136 787 1245 873; baseline -0.004 -15"><span class='ocrx_word' id='word_1_26' title='bbox 136 796 291 858; x_wconf 85' lang='lat' dir='ltr'><strong>merlanes</strong></span> <span class='ocrx_word' id='word_1_27' title='bbox 310 789 532 872; x_wconf 79' lang='lat' dir='ltr'><strong>Baianethsm,</strong></span> <span class='ocrx_word' id='word_1_28' title='bbox 561 795 619 856; x_wconf 94' lang='lat' dir='ltr'><strong>sub</strong></span> <span class='ocrx_word' id='word_1_29' title='bbox 641 790 727 854; x_wconf 87' lang='lat' dir='ltr'><strong>cuius</strong></span> <span class='ocrx_word' id='word_1_30' title='bbox 751 789 842 871; x_wconf 87' lang='lat' dir='ltr'><strong>filiis,</strong></span> <span class='ocrx_word' id='word_1_31' title='bbox 873 787 1042 873; x_wconf 79' lang='lat' dir='ltr'><strong>Solymane</strong></span> <span class='ocrx_word' id='word_1_32' title='bbox 1064 791 1152 855; x_wconf 86' lang='lat' dir='ltr'><strong>Musa</strong></span> <span class='ocrx_word' id='word_1_33' title='bbox 1174 789 1245 854; x_wconf 78' lang='lat' dir='ltr'><strong>lta-</strong></span> 
     </span>
     <span class='ocr_line' id='line_1_6' title="bbox 135 891 1244 977; baseline -0.008 -15"><span class='ocrx_word' id='word_1_34' title='bbox 135 901 263 962; x_wconf 90' lang='lat' dir='ltr'><strong>homete</strong></span> <span class='ocrx_word' id='word_1_35' title='bbox 289 893 317 977; x_wconf 93' lang='lat' dir='ltr'><strong>l,</strong></span> <span class='ocrx_word' id='word_1_36' title='bbox 336 897 451 961; x_wconf 75' lang='lat' dir='ltr'><strong>brem</strong></span> <span class='ocrx_word' id='word_1_37' title='bbox 477 896 562 961; x_wconf 78' lang='lat' dir='ltr'><strong>velut</strong></span> <span class='ocrx_word' id='word_1_38' title='bbox 583 891 724 958; x_wconf 76' lang='lat' dir='ltr'><strong>induciae</strong></span> <span class='ocrx_word' id='word_1_39' title='bbox 744 894 896 966; x_wconf 86' lang='lat' dir='ltr'><strong>malorum</strong></span> <span class='ocrx_word' id='word_1_40' title='bbox 915 891 1106 976; x_wconf 82' lang='lat' dir='ltr'><strong>Byzantinos</strong></span> <span class='ocrx_word' id='word_1_41' title='bbox 1126 915 1244 958; x_wconf 69' lang='lat' dir='ltr'><strong>recrea-</strong></span> 
     </span>
     <span class='ocr_line' id='line_1_7' title="bbox 137 993 1244 1088; baseline -0.002 -24"><span class='ocrx_word' id='word_1_42' title='bbox 137 1010 224 1080; x_wconf 89' lang='lat' dir='ltr'><strong>runt,</strong></span> <span class='ocrx_word' id='word_1_43' title='bbox 250 1009 438 1088; x_wconf 69' lang='lat' dir='ltr'><strong>expectante</strong></span> <span class='ocrx_word' id='word_1_44' title='bbox 457 996 516 1062; x_wconf 90' lang='lat' dir='ltr'><strong>deo</strong></span> <span class='ocrx_word' id='word_1_45' title='bbox 536 1018 577 1061; x_wconf 87' lang='lat' dir='ltr'><strong>an</strong></span> <span class='ocrx_word' id='word_1_46' title='bbox 597 997 820 1085; x_wconf 71' lang='lat' dir='ltr'><strong>resipiscerent.</strong></span> <span class='ocrx_word' id='word_1_47' title='bbox 870 993 925 1061; x_wconf 88' lang='lat' dir='ltr'><strong>sed</strong></span> <span class='ocrx_word' id='word_1_48' title='bbox 946 998 1110 1062; x_wconf 70' lang='lat' dir='ltr'><strong>schismate</strong></span> <span class='ocrx_word' id='word_1_49' title='bbox 1130 997 1244 1062; x_wconf 89' lang='lat' dir='ltr'><strong>illicet</strong></span> 
     </span>
     <span class='ocr_line' id='line_1_8' title="bbox 137 1097 1242 1189; baseline -0.004 -21"><span class='ocrx_word' id='word_1_50' title='bbox 137 1102 261 1168; x_wconf 81' lang='lat' dir='ltr'><strong>haeresi</strong></span> <span class='ocrx_word' id='word_1_51' title='bbox 291 1102 558 1189; x_wconf 72' lang='lat' dir='ltr'><strong>perseverantibus</strong></span> <span class='ocrx_word' id='word_1_52' title='bbox 587 1122 689 1168; x_wconf 82' lang='lat' dir='ltr'><strong>nurus</strong></span> <span class='ocrx_word' id='word_1_53' title='bbox 727 1101 808 1164; x_wconf 92' lang='lat' dir='ltr'><strong>ultor</strong></span> <span class='ocrx_word' id='word_1_54' title='bbox 836 1101 992 1164; x_wconf 69' lang='lat' dir='ltr'><strong>exurrexit</strong></span> <span class='ocrx_word' id='word_1_55' title='bbox 1016 1101 1175 1167; x_wconf 81' lang='lat' dir='ltr'><strong>Ammates</strong></span> <span class='ocrx_word' id='word_1_56' title='bbox 1200 1097 1242 1183; x_wconf 92' lang='lat' dir='ltr'><strong>ll,</strong></span> 
     </span>
     <span class='ocr_line' id='line_1_9' title="bbox 140 1201 1243 1294; baseline -0.001 -23"><span class='ocrx_word' id='word_1_57' title='bbox 140 1207 327 1272; x_wconf 81' lang='lat' dir='ltr'><strong>hlahome&#39;tis</strong></span> <span class='ocrx_word' id='word_1_58' title='bbox 353 1205 450 1294; x_wconf 82' lang='lat' dir='ltr'><strong>primi</strong></span> <span class='ocrx_word' id='word_1_59' title='bbox 474 1206 578 1286; x_wconf 84' lang='lat' dir='ltr'><strong>filius,</strong></span> <span class='ocrx_word' id='word_1_60' title='bbox 609 1201 736 1272; x_wconf 70' lang='lat' dir='ltr'><strong>soeandi</strong></span> <span class='ocrx_word' id='word_1_61' title='bbox 767 1216 863 1292; x_wconf 86' lang='lat' dir='ltr'><strong>pater.</strong></span> <span class='ocrx_word' id='word_1_62' title='bbox 913 1203 965 1268; x_wconf 92' lang='lat' dir='ltr'><strong>hic</strong></span> <span class='ocrx_word' id='word_1_63' title='bbox 991 1203 1243 1270; x_wconf 79' lang='lat' dir='ltr'><strong>Thessalonicam</strong></span> 
     </span>
     <span class='ocr_line' id='line_1_10' title="bbox 141 1305 1244 1396; baseline -0.003 -21"><span class='ocrx_word' id='word_1_64' title='bbox 141 1311 252 1375; x_wconf 81' lang='lat' dir='ltr'><strong>urbem</strong></span> <span class='ocrx_word' id='word_1_65' title='bbox 276 1311 452 1373; x_wconf 85' lang='lat' dir='ltr'><strong>maximam</strong></span> <span class='ocrx_word' id='word_1_66' title='bbox 477 1307 685 1396; x_wconf 70' lang='lat' dir='ltr'><strong>expugnarit,</strong></span> <span class='ocrx_word' id='word_1_67' title='bbox 720 1307 901 1390; x_wconf 84' lang='lat' dir='ltr'><strong>Huogaricis</strong></span> <span class='ocrx_word' id='word_1_68' title='bbox 928 1305 1056 1374; x_wconf 90' lang='lat' dir='ltr'><strong>Ioannis</strong></span> <span class='ocrx_word' id='word_1_69' title='bbox 1083 1305 1244 1389; x_wconf 83' lang='lat' dir='ltr'><strong>Hunisdis,</strong></span> 
     </span>
     <span class='ocr_line' id='line_1_11' title="bbox 142 1409 1243 1501; baseline -0.005 -23"><span class='ocrx_word' id='word_1_70' title='bbox 142 1413 338 1501; x_wconf 83' lang='lat' dir='ltr'><strong>Epirensibus</strong></span> <span class='ocrx_word' id='word_1_71' title='bbox 363 1409 570 1495; x_wconf 84' lang='lat' dir='ltr'><strong>Scanderhegi</strong></span> <span class='ocrx_word' id='word_1_72' title='bbox 606 1409 811 1494; x_wconf 87' lang='lat' dir='ltr'><strong>successibus,</strong></span> <span class='ocrx_word' id='word_1_73' title='bbox 840 1410 1005 1478; x_wconf 87' lang='lat' dir='ltr'><strong>retardatus</strong></span> <span class='ocrx_word' id='word_1_74' title='bbox 1027 1433 1046 1478; x_wconf 90' lang='lat' dir='ltr'><strong>a</strong></span> <span class='ocrx_word' id='word_1_75' title='bbox 1068 1411 1243 1477; x_wconf 86' lang='lat' dir='ltr'><strong>Constanti-</strong></span> 
     </span>
     <span class='ocr_line' id='line_1_12' title="bbox 147 1513 1335 1604; baseline -0.001 -25"><span class='ocrx_word' id='word_1_76' title='bbox 147 1515 320 1604; x_wconf 84' lang='lat' dir='ltr'><strong>nopolitano</strong></span> <span class='ocrx_word' id='word_1_77' title='bbox 346 1513 487 1580; x_wconf 72' lang='lat' dir='ltr'><strong>lundhus</strong></span> <span class='ocrx_word' id='word_1_78' title='bbox 505 1514 637 1602; x_wconf 88' lang='lat' dir='ltr'><strong>imperio</strong></span> <span class='ocrx_word' id='word_1_79' title='bbox 658 1513 799 1580; x_wconf 89' lang='lat' dir='ltr'><strong>delendo.</strong></span> <span class='ocrx_word' id='word_1_80' title='bbox 849 1515 974 1580; x_wconf 83' lang='lat' dir='ltr'><strong>interim</strong></span> <span class='ocrx_word' id='word_1_81' title='bbox 995 1515 1081 1580; x_wconf 90' lang='lat' dir='ltr'><strong>enim</strong></span> <span class='ocrx_word' id='word_1_82' title='bbox 1106 1517 1243 1580; x_wconf 86' lang='lat' dir='ltr'><strong>clemen·</strong></span> <span class='ocrx_word' id='word_1_83' title='bbox 1332 1568 1335 1578; x_wconf 77' lang='grc'><strong><em>,</em></strong></span> 
     </span>
     <span class='ocr_line' id='line_1_13' title="bbox 145 1617 1244 1706; baseline 0.002 -22"><span class='ocrx_word' id='word_1_84' title='bbox 145 1620 277 1684; x_wconf 70' lang='lat' dir='ltr'><strong>mutuus</strong></span> <span class='ocrx_word' id='word_1_85' title='bbox 311 1617 459 1684; x_wconf 89' lang='lat' dir='ltr'><strong>dominus</strong></span> <span class='ocrx_word' id='word_1_86' title='bbox 493 1619 637 1683; x_wconf 88' lang='lat' dir='ltr'><strong>ultimum</strong></span> <span class='ocrx_word' id='word_1_87' title='bbox 673 1622 759 1684; x_wconf 83' lang='lat' dir='ltr'><strong>velut</strong></span> <span class='ocrx_word' id='word_1_88' title='bbox 797 1619 931 1706; x_wconf 83' lang='lat' dir='ltr'><strong>experiri</strong></span> <span class='ocrx_word' id='word_1_89' title='bbox 967 1631 1110 1684; x_wconf 88' lang='lat' dir='ltr'><strong>conatum</strong></span> <span class='ocrx_word' id='word_1_90' title='bbox 1145 1618 1244 1686; x_wconf 86' lang='lat' dir='ltr'><strong>voluit</strong></span> 
     </span>
     <span class='ocr_line' id='line_1_14' title="bbox 143 1720 1242 1806; baseline -0.002 -19"><span class='ocrx_word' id='word_1_91' title='bbox 143 1720 276 1787; x_wconf 85' lang='lat' dir='ltr'><strong>Graecos</strong></span> <span class='ocrx_word' id='word_1_92' title='bbox 302 1720 485 1788; x_wconf 88' lang='lat' dir='ltr'><strong>restituendi</strong></span> <span class='ocrx_word' id='word_1_93' title='bbox 508 1723 674 1786; x_wconf 80' lang='lat' dir='ltr'><strong>catholicas</strong></span> <span class='ocrx_word' id='word_1_94' title='bbox 698 1722 908 1786; x_wconf 89' lang='lat' dir='ltr'><strong>communioni</strong></span> <span class='ocrx_word' id='word_1_95' title='bbox 936 1742 972 1786; x_wconf 89' lang='lat' dir='ltr'><strong>ec</strong></span> <span class='ocrx_word' id='word_1_96' title='bbox 999 1721 1088 1805; x_wconf 81' lang='lat' dir='ltr'><strong>fidei,</strong></span> <span class='ocrx_word' id='word_1_97' title='bbox 1114 1737 1242 1806; x_wconf 83' lang='lat' dir='ltr'><strong>cougre-</strong></span> 
     </span>
     <span class='ocr_line' id='line_1_15' title="bbox 139 1820 1244 1908; baseline 0 -17"><span class='ocrx_word' id='word_1_98' title='bbox 139 1838 211 1908; x_wconf 79' lang='lat' dir='ltr'><strong>geta</strong></span> <span class='ocrx_word' id='word_1_99' title='bbox 236 1827 313 1891; x_wconf 80' lang='lat' dir='ltr'><strong>circa</strong></span> <span class='ocrx_word' id='word_1_100' title='bbox 342 1825 458 1892; x_wconf 85' lang='lat' dir='ltr'><strong>Christi</strong></span> <span class='ocrx_word' id='word_1_101' title='bbox 483 1847 599 1890; x_wconf 87' lang='lat' dir='ltr'><strong>annum</strong></span> <span class='ocrx_word' id='word_1_102' title='bbox 624 1820 724 1895; x_wconf 85' lang='lat'>1440</span> <span class='ocrx_word' id='word_1_103' title='bbox 743 1845 827 1892; x_wconf 87' lang='lat' dir='ltr'><strong>sacra</strong></span> <span class='ocrx_word' id='word_1_104' title='bbox 848 1828 1043 1892; x_wconf 85' lang='lat' dir='ltr'><strong>oecumenica</strong></span> <span class='ocrx_word' id='word_1_105' title='bbox 1069 1825 1244 1892; x_wconf 79' lang='lat' dir='ltr'><strong>Florentino</strong></span> 
     </span>
     <span class='ocr_line' id='line_1_16' title="bbox 139 1927 1243 2018; baseline 0.002 -26"><span class='ocrx_word' id='word_1_106' title='bbox 139 1928 280 2013; x_wconf 77' lang='lat' dir='ltr'><strong>synodo,</strong></span> <span class='ocrx_word' id='word_1_107' title='bbox 314 1930 348 1994; x_wconf 91' lang='lat' dir='ltr'><strong>in</strong></span> <span class='ocrx_word' id='word_1_108' title='bbox 375 1949 436 2018; x_wconf 86' lang='lat' dir='ltr'><strong>qua</strong></span> <span class='ocrx_word' id='word_1_109' title='bbox 463 1951 546 1996; x_wconf 83' lang='lat' dir='ltr'><strong>nora</strong></span> <span class='ocrx_word' id='word_1_110' title='bbox 559 1931 560 1936; x_wconf 71' lang='grc'>’</span> <span class='ocrx_word' id='word_1_111' title='bbox 573 1930 717 1994; x_wconf 86' lang='lat' dir='ltr'><strong>ecclesiae</strong></span> <span class='ocrx_word' id='word_1_112' title='bbox 736 1927 879 1995; x_wconf 60' lang='lat' dir='ltr'><strong>&#39;Graecae</strong></span> <span class='ocrx_word' id='word_1_113' title='bbox 898 1929 968 1994; x_wconf 83' lang='lat' dir='ltr'><strong>cum</strong></span> <span class='ocrx_word' id='word_1_114' title='bbox 989 1927 1098 1994; x_wconf 86' lang='lat' dir='ltr'><strong>Latina</strong></span> <span class='ocrx_word' id='word_1_115' title='bbox 1118 1927 1243 1994; x_wconf 86' lang='lat' dir='ltr'><strong>tandem</strong></span> 
     </span>
     <span class='ocr_line' id='line_1_17' title="bbox 137 2033 1243 2120; baseline 0.002 -24"><span class='ocrx_word' id='word_1_116' title='bbox 137 2046 189 2096; x_wconf 87' lang='lat' dir='ltr'><strong>est</strong></span> <span class='ocrx_word' id='word_1_117' title='bbox 201 2033 375 2098; x_wconf 86' lang='lat' dir='ltr'><strong>conciliatio</strong></span> <span class='ocrx_word' id='word_1_118' title='bbox 395 2033 521 2098; x_wconf 86' lang='lat' dir='ltr'><strong>sancita.</strong></span> <span class='ocrx_word' id='word_1_119' title='bbox 570 2053 680 2098; x_wconf 86' lang='lat' dir='ltr'><strong>verum</strong></span> <span class='ocrx_word' id='word_1_120' title='bbox 701 2044 733 2096; x_wconf 90' lang='lat' dir='ltr'><strong>et</strong></span> <span class='ocrx_word' id='word_1_121' title='bbox 746 2035 784 2096; x_wconf 91' lang='lat' dir='ltr'><strong>ab</strong></span> <span class='ocrx_word' id='word_1_122' title='bbox 798 2033 856 2094; x_wconf 88' lang='lat' dir='ltr'><strong>hae</strong></span> <span class='ocrx_word' id='word_1_123' title='bbox 868 2055 970 2098; x_wconf 89' lang='lat' dir='ltr'><strong>rursus</strong></span> <span class='ocrx_word' id='word_1_124' title='bbox 992 2033 1144 2120; x_wconf 89' lang='lat' dir='ltr'><strong>plerisque</strong></span> <span class='ocrx_word' id='word_1_125' title='bbox 1155 2034 1243 2120; x_wconf 88' lang='lat' dir='ltr'><strong>ipso-</strong></span> 
     </span>
     <span class='ocr_line' id='line_1_18' title="bbox 137 2132 1245 2218; baseline 0.003 -19"><span class='ocrx_word' id='word_1_126' title='bbox 137 2158 212 2200; x_wconf 88' lang='lat' dir='ltr'><strong>rum</strong></span> <span class='ocrx_word' id='word_1_127' title='bbox 239 2135 463 2218; x_wconf 84' lang='lat' dir='ltr'><strong>resilientibus,</strong></span> <span class='ocrx_word' id='word_1_128' title='bbox 485 2135 680 2201; x_wconf 86' lang='lat' dir='ltr'><strong>hlahometes</strong></span> <span class='ocrx_word' id='word_1_129' title='bbox 697 2133 741 2215; x_wconf 86' lang='grc' dir='ltr'><strong>Π,</strong></span> <span class='ocrx_word' id='word_1_130' title='bbox 761 2132 914 2199; x_wconf 71' lang='lat' dir='ltr'><strong>amoses</strong></span> <span class='ocrx_word' id='word_1_131' title='bbox 934 2133 1060 2198; x_wconf 91' lang='lat' dir='ltr'><strong>secundi</strong></span> <span class='ocrx_word' id='word_1_132' title='bbox 1088 2156 1245 2202; x_wconf 84' lang='lat' dir='ltr'><strong>successor</strong></span> 
     </span>
     <span class='ocr_line' id='line_1_19' title="bbox 139 2229 1325 2328; baseline 0.002 -26"><span class='ocrx_word' id='word_1_133' title='bbox 139 2249 174 2302; x_wconf 87' lang='lat' dir='ltr'><strong>et</strong></span> <span class='ocrx_word' id='word_1_134' title='bbox 198 2239 298 2318; x_wconf 82' lang='lat' dir='ltr'><strong>filius,</strong></span> <span class='ocrx_word' id='word_1_135' title='bbox 321 2238 620 2328; x_wconf 81' lang='lat' dir='ltr'><strong>Constantinopolim</strong></span> <span class='ocrx_word' id='word_1_136' title='bbox 642 2237 675 2305; x_wconf 81' lang='lat' dir='ltr'><strong>vi</strong></span> <span class='ocrx_word' id='word_1_137' title='bbox 701 2238 784 2326; x_wconf 87' lang='lat' dir='ltr'><strong>cepit</strong></span> <span class='ocrx_word' id='word_1_138' title='bbox 801 2257 883 2301; x_wconf 90' lang='lat' dir='ltr'><strong>anno</strong></span> <span class='ocrx_word' id='word_1_139' title='bbox 911 2237 983 2303; x_wconf 85' lang='lat' dir='ltr'><strong>Chr.</strong></span> <span class='ocrx_word' id='word_1_140' title='bbox 1008 2234 1105 2306; x_wconf 79' lang='lat'>1453</span> <span class='ocrx_word' id='word_1_141' title='bbox 1139 2249 1171 2303; x_wconf 91' lang='lat' dir='ltr'><strong>et</strong></span> <span class='ocrx_word' id='word_1_142' title='bbox 1191 2261 1244 2304; x_wconf 86' lang='lat' dir='ltr'><strong>ur-</strong></span> <span class='ocrx_word' id='word_1_143' title='bbox 1323 2229 1325 2248; x_wconf 87' lang='lat'>&#39;</span> 
     </span>
     <span class='ocr_line' id='line_1_20' title="bbox 143 2339 1246 2430; baseline 0.003 -25"><span class='ocrx_word' id='word_1_144' title='bbox 143 2339 198 2405; x_wconf 87' lang='lat' dir='ltr'><strong>his</strong></span> <span class='ocrx_word' id='word_1_145' title='bbox 218 2355 405 2430; x_wconf 79' lang='lat' dir='ltr'><strong>expugnatae</strong></span> <span class='ocrx_word' id='word_1_146' title='bbox 420 2343 519 2408; x_wconf 90' lang='lat' dir='ltr'><strong>ruinis</strong></span> <span class='ocrx_word' id='word_1_147' title='bbox 539 2346 648 2406; x_wconf 89' lang='lat' dir='ltr'><strong>obruto</strong></span> <span class='ocrx_word' id='word_1_148' title='bbox 670 2339 870 2406; x_wconf 78' lang='lat' dir='ltr'><strong>Constantino</strong></span> <span class='ocrx_word' id='word_1_149' title='bbox 894 2341 1079 2429; x_wconf 87' lang='lat' dir='ltr'><strong>imperatore</strong></span> <span class='ocrx_word' id='word_1_150' title='bbox 1098 2343 1164 2407; x_wconf 89' lang='lat' dir='ltr'><strong>eius</strong></span> <span class='ocrx_word' id='word_1_151' title='bbox 1185 2365 1246 2409; x_wconf 90' lang='lat' dir='ltr'><strong>no-</strong></span> 
     </span>
     <span class='ocr_line' id='line_1_21' title="bbox 137 2441 1245 2534; baseline 0.003 -26"><span class='ocrx_word' id='word_1_152' title='bbox 137 2443 238 2508; x_wconf 85' lang='lat' dir='ltr'><strong>minis</strong></span> <span class='ocrx_word' id='word_1_153' title='bbox 272 2457 402 2527; x_wconf 80' lang='lat' dir='ltr'><strong>octavo,</strong></span> <span class='ocrx_word' id='word_1_154' title='bbox 433 2443 689 2529; x_wconf 78' lang='lat' dir='ltr'><strong>Palaeologorum</strong></span> <span class='ocrx_word' id='word_1_155' title='bbox 722 2441 889 2508; x_wconf 78' lang='lat' dir='ltr'><strong>Andronici</strong></span> <span class='ocrx_word' id='word_1_156' title='bbox 922 2457 1115 2534; x_wconf 88' lang='lat' dir='ltr'><strong>posteromm</strong></span> <span class='ocrx_word' id='word_1_157' title='bbox 1136 2444 1245 2512; x_wconf 89' lang='lat' dir='ltr'><strong>ordine</strong></span> 
     </span>
     <span class='ocr_line' id='line_1_22' title="bbox 136 2547 1246 2643; baseline 0.002 -31"><span class='ocrx_word' id='word_1_158' title='bbox 136 2560 249 2631; x_wconf 83' lang='lat' dir='ltr'><strong>sexto,</strong></span> <span class='ocrx_word' id='word_1_159' title='bbox 276 2561 358 2613; x_wconf 89' lang='lat' dir='ltr'><strong>sorte</strong></span> <span class='ocrx_word' id='word_1_160' title='bbox 378 2549 508 2643; x_wconf 71' lang='lat' dir='ltr'><strong>ultimo,</strong></span> <span class='ocrx_word' id='word_1_161' title='bbox 540 2549 704 2637; x_wconf 88' lang='lat' dir='ltr'><strong>imperium</strong></span> <span class='ocrx_word' id='word_1_162' title='bbox 726 2547 885 2612; x_wconf 86' lang='lat' dir='ltr'><strong>Orientale</strong></span> <span class='ocrx_word' id='word_1_163' title='bbox 903 2549 1057 2631; x_wconf 81' lang='lat' dir='ltr'><strong>abolevit,</strong></span> <span class='ocrx_word' id='word_1_164' title='bbox 1082 2550 1246 2616; x_wconf 78' lang='lat' dir='ltr'><strong>manifeste</strong></span> 
     </span>
     <span class='ocr_line' id='line_1_23' title="bbox 137 2649 1245 2718; baseline 0.004 -4"><span class='ocrx_word' id='word_1_165' title='bbox 137 2655 222 2716; x_wconf 84' lang='lat' dir='ltr'><strong>ultus</strong></span> <span class='ocrx_word' id='word_1_166' title='bbox 248 2651 450 2717; x_wconf 69' lang='lat' dir='ltr'><strong>mdssam&#39;a</strong></span> <span class='ocrx_word' id='word_1_167' title='bbox 471 2649 597 2717; x_wconf 89' lang='lat' dir='ltr'><strong>Graecis</strong></span> <span class='ocrx_word' id='word_1_168' title='bbox 623 2651 789 2716; x_wconf 86' lang='lat' dir='ltr'><strong>secundam</strong></span> <span class='ocrx_word' id='word_1_169' title='bbox 816 2671 886 2715; x_wconf 80' lang='lat' dir='ltr'><strong>cum</strong></span> <span class='ocrx_word' id='word_1_170' title='bbox 913 2651 1032 2717; x_wconf 87' lang='lat' dir='ltr'><strong>Latinis</strong></span> <span class='ocrx_word' id='word_1_171' title='bbox 1062 2653 1245 2718; x_wconf 70' lang='lat' dir='ltr'><strong>conventio*-</strong></span> 
     </span>
     <span class='ocr_line' id='line_1_24' title="bbox 139 2737 1245 2843; baseline 0.005 -26"><span class='ocrx_word' id='word_1_172' title='bbox 139 2777 214 2817; x_wconf 90' lang='lat' dir='ltr'><strong>nem</strong></span> <span class='ocrx_word' id='word_1_173' title='bbox 238 2757 359 2841; x_wconf 87' lang='lat' dir='ltr'><strong>publice</strong></span> <span class='ocrx_word' id='word_1_174' title='bbox 383 2737 493 2819; x_wconf 80' lang='lat' dir='ltr'><strong>initam</strong></span> <span class='ocrx_word' id='word_1_175' title='bbox 522 2755 712 2836; x_wconf 81' lang='lat' dir='ltr'><strong>Florentiae,</strong></span> <span class='ocrx_word' id='word_1_176' title='bbox 739 2754 816 2817; x_wconf 87' lang='lat' dir='ltr'><strong>sicut</strong></span> <span class='ocrx_word' id='word_1_177' title='bbox 841 2752 880 2817; x_wconf 87' lang='lat' dir='ltr'><strong>ad</strong></span> <span class='ocrx_word' id='word_1_178' title='bbox 905 2755 1016 2843; x_wconf 83' lang='lat' dir='ltr'><strong>prioris</strong></span> <span class='ocrx_word' id='word_1_179' title='bbox 1043 2756 1245 2823; x_wconf 73' lang='lat' dir='ltr'><strong>violationem</strong></span> 
     </span>
     <span class='ocr_line' id='line_1_25' title="bbox 138 2850 1286 2950; baseline 0.003 -30"><span class='ocrx_word' id='word_1_180' title='bbox 138 2857 174 2920; x_wconf 89' lang='lat' dir='ltr'><strong>in</strong></span> <span class='ocrx_word' id='word_1_181' title='bbox 195 2850 393 2940; x_wconf 78' lang='lat' dir='ltr'><strong>Lugduneosi</strong></span> <span class='ocrx_word' id='word_1_182' title='bbox 412 2858 542 2923; x_wconf 87' lang='lat' dir='ltr'><strong>coalitae</strong></span> <span class='ocrx_word' id='word_1_183' title='bbox 562 2858 692 2923; x_wconf 88' lang='lat' dir='ltr'><strong>concilio</strong></span> <span class='ocrx_word' id='word_1_184' title='bbox 717 2855 932 2924; x_wconf 82' lang='lat' dir='ltr'><strong>vindicandam</strong></span> <span class='ocrx_word' id='word_1_185' title='bbox 954 2861 1105 2922; x_wconf 84' lang='lat' dir='ltr'><strong>excitatus</strong></span> <span class='ocrx_word' id='word_1_186' title='bbox 1131 2859 1245 2925; x_wconf 86' lang='lat' dir='ltr'><strong>divini-</strong></span> <span class='ocrx_word' id='word_1_187' title='bbox 1283 2947 1286 2950; x_wconf 21' lang='grc' dir='ltr'>Ι</span> 
     </span>
     <span class='ocr_line' id='line_1_26' title="bbox 140 2951 1245 3032; baseline 0.006 -7"><span class='ocrx_word' id='word_1_188' title='bbox 140 2971 190 3025; x_wconf 89' lang='lat' dir='ltr'><strong>tus</strong></span> <span class='ocrx_word' id='word_1_189' title='bbox 210 2964 309 3026; x_wconf 82' lang='lat' dir='ltr'><strong>fuerat</strong></span> <span class='ocrx_word' id='word_1_190' title='bbox 328 2963 363 3030; x_wconf 86' lang='lat' dir='ltr'><strong>iu</strong></span> <span class='ocrx_word' id='word_1_191' title='bbox 384 2961 537 3028; x_wconf 63' lang='lat' dir='ltr'><strong>mucram</strong></span> <span class='ocrx_word' id='word_1_192' title='bbox 560 2961 627 3028; x_wconf 89' lang='lat' dir='ltr'><strong>eius</strong></span> <span class='ocrx_word' id='word_1_193' title='bbox 654 2951 733 3028; x_wconf 87' lang='lat' dir='ltr'><strong>serie</strong></span> <span class='ocrx_word' id='word_1_194' title='bbox 757 2962 900 3026; x_wconf 86' lang='lat' dir='ltr'><strong>continua</strong></span> <span class='ocrx_word' id='word_1_195' title='bbox 919 2973 1001 3028; x_wconf 90' lang='lat' dir='ltr'><strong>retro</strong></span> <span class='ocrx_word' id='word_1_196' title='bbox 1019 2973 1127 3028; x_wconf 88' lang='lat' dir='ltr'><strong>sextus</strong></span> <span class='ocrx_word' id='word_1_197' title='bbox 1148 2963 1245 3032; x_wconf 85' lang='lat' dir='ltr'><strong>Otto·</strong></span> 
     </span>
     <span class='ocr_line' id='line_1_27' title="bbox 139 3084 1237 3134; baseline 0 -42"><span class='ocrx_word' id='word_1_198' title='bbox 139 3084 259 3134; x_wconf 46' lang='lat' dir='ltr'><strong>mm·</strong></span> <span class='ocrx_word' id='word_1_199' title='bbox 1235 3085 1237 3092; x_wconf 84' lang='lat'>.</span> 
     </span>
     <span class='ocr_line' id='line_1_28' title="bbox 242 3168 1243 3258; baseline 0.002 -24"><span class='ocrx_word' id='word_1_200' title='bbox 242 3168 286 3234; x_wconf 85' lang='lat' dir='ltr'><strong>V.</strong></span> <span class='ocrx_word' id='word_1_201' title='bbox 335 3170 436 3236; x_wconf 84' lang='lat' dir='ltr'><strong>Huius</strong></span> <span class='ocrx_word' id='word_1_202' title='bbox 458 3170 526 3236; x_wconf 90' lang='lat' dir='ltr'><strong>orbi</strong></span> <span class='ocrx_word' id='word_1_203' title='bbox 546 3171 690 3237; x_wconf 80' lang='lat' dir='ltr'><strong>universo</strong></span> <span class='ocrx_word' id='word_1_204' title='bbox 710 3168 955 3236; x_wconf 89' lang='lat' dir='ltr'><strong>luctuosissimae</strong></span> <span class='ocrx_word' id='word_1_205' title='bbox 972 3169 1149 3254; x_wconf 80' lang='lat' dir='ltr'><strong>tragoediae</strong></span> <span class='ocrx_word' id='word_1_206' title='bbox 1176 3172 1243 3258; x_wconf 88' lang='lat' dir='ltr'><strong>pri-</strong></span> 
     </span>
     <span class='ocr_line' id='line_1_29' title="bbox 142 3267 1242 3363; baseline 0.008 -30"><span class='ocrx_word' id='word_1_207' title='bbox 142 3292 215 3334; x_wconf 86' lang='lat' dir='ltr'><strong>mus</strong></span> <span class='ocrx_word' id='word_1_208' title='bbox 233 3281 314 3338; x_wconf 82' lang='lat' dir='ltr'><strong>actm</strong></span> <span class='ocrx_word' id='word_1_209' title='bbox 331 3271 524 3358; x_wconf 83' lang='lat' dir='ltr'><strong>Pachymere</strong></span> <span class='ocrx_word' id='word_1_210' title='bbox 541 3272 670 3340; x_wconf 86' lang='lat' dir='ltr'><strong>docente</strong></span> <span class='ocrx_word' id='word_1_211' title='bbox 691 3274 725 3338; x_wconf 91' lang='lat' dir='ltr'><strong>in</strong></span> <span class='ocrx_word' id='word_1_212' title='bbox 752 3275 827 3356; x_wconf 86' lang='lat' dir='ltr'><strong>hac,</strong></span> <span class='ocrx_word' id='word_1_213' title='bbox 859 3275 944 3340; x_wconf 89' lang='lat' dir='ltr'><strong>cuius</strong></span> <span class='ocrx_word' id='word_1_214' title='bbox 969 3267 1066 3339; x_wconf 89' lang='lat' dir='ltr'><strong>modo</strong></span> <span class='ocrx_word' id='word_1_215' title='bbox 1095 3276 1242 3363; x_wconf 85' lang='lat' dir='ltr'><strong>siparium</strong></span> 
     </span>
     <span class='ocr_line' id='line_1_30' title="bbox 140 3371 1243 3466; baseline 0.004 -28"><span class='ocrx_word' id='word_1_216' title='bbox 140 3371 328 3458; x_wconf 88' lang='lat' dir='ltr'><strong>reducimus,</strong></span> <span class='ocrx_word' id='word_1_217' title='bbox 364 3380 553 3444; x_wconf 82' lang='lat' dir='ltr'><strong>sceosvelut</strong></span> <span class='ocrx_word' id='word_1_218' title='bbox 575 3378 707 3466; x_wconf 88' lang='lat' dir='ltr'><strong>quadam</strong></span> <span class='ocrx_word' id='word_1_219' title='bbox 720 3376 842 3443; x_wconf 88' lang='lat' dir='ltr'><strong>luditur.</strong></span> <span class='ocrx_word' id='word_1_220' title='bbox 895 3399 1047 3466; x_wconf 88' lang='lat' dir='ltr'><strong>nusquam</strong></span> <span class='ocrx_word' id='word_1_221' title='bbox 1060 3379 1135 3442; x_wconf 89' lang='lat' dir='ltr'><strong>alihi</strong></span> <span class='ocrx_word' id='word_1_222' title='bbox 1155 3378 1243 3465; x_wconf 90' lang='lat' dir='ltr'><strong>prin-</strong></span> 
     </span>
    </p>

    <p class='ocr_par' dir='ltr' id='par_1_3' title="bbox 136 3467 1286 4398">
     <span class='ocr_line' id='line_1_31' title="bbox 141 3467 1286 3568; baseline 0.003 -27"><span class='ocrx_word' id='word_1_223' title='bbox 141 3476 258 3565; x_wconf 86' lang='lat' dir='ltr'><strong>cipatus</strong></span> <span class='ocrx_word' id='word_1_224' title='bbox 283 3479 374 3545; x_wconf 87' lang='lat' dir='ltr'><strong>istius</strong></span> <span class='ocrx_word' id='word_1_225' title='bbox 401 3481 509 3568; x_wconf 68' lang='lat' dir='ltr'><strong>aspice</strong></span> <span class='ocrx_word' id='word_1_226' title='bbox 537 3475 642 3564; x_wconf 80' lang='grc' dir='ltr'><em>δόξας,</em></span> <span class='ocrx_word' id='word_1_227' title='bbox 663 3494 754 3562; x_wconf 82' lang='lat' dir='ltr'><strong>vota,</strong></span> <span class='ocrx_word' id='word_1_228' title='bbox 780 3502 865 3563; x_wconf 85' lang='lat' dir='ltr'><strong>orsa,</strong></span> <span class='ocrx_word' id='word_1_229' title='bbox 892 3481 1059 3564; x_wconf 88' lang='lat' dir='ltr'><strong>destinata,</strong></span> <span class='ocrx_word' id='word_1_230' title='bbox 1084 3483 1242 3546; x_wconf 82' lang='lat' dir='ltr'><strong>machina-</strong></span> <span class='ocrx_word' id='word_1_231' title='bbox 1285 3467 1286 3470; x_wconf 8' lang='grc' dir='ltr'><strong>Ἴ</strong></span> 
     </span>
     <span class='ocr_line' id='line_1_32' title="bbox 141 3584 1243 3674; baseline 0.003 -29"><span class='ocrx_word' id='word_1_232' title='bbox 141 3593 315 3647; x_wconf 84' lang='lat' dir='ltr'><strong>mentorum</strong></span> <span class='ocrx_word' id='word_1_233' title='bbox 344 3584 485 3672; x_wconf 87' lang='lat' dir='ltr'><strong>obliquos</strong></span> <span class='ocrx_word' id='word_1_234' title='bbox 507 3585 623 3668; x_wconf 79' lang='lat' dir='ltr'><strong>flexos,</strong></span> <span class='ocrx_word' id='word_1_235' title='bbox 647 3589 768 3651; x_wconf 76' lang='lat' dir='ltr'><strong>iocosae</strong></span> <span class='ocrx_word' id='word_1_236' title='bbox 795 3586 915 3674; x_wconf 87' lang='lat' dir='ltr'><strong>species</strong></span> <span class='ocrx_word' id='word_1_237' title='bbox 940 3589 1134 3667; x_wconf 83' lang='lat' dir='ltr'><strong>obtentuum,</strong></span> <span class='ocrx_word' id='word_1_238' title='bbox 1156 3597 1243 3650; x_wconf 85' lang='lat' dir='ltr'><strong>astu-</strong></span> 
     </span>
     <span class='ocr_line' id='line_1_33' title="bbox 141 3687 1243 3778; baseline 0.005 -30"><span class='ocrx_word' id='word_1_239' title='bbox 141 3695 241 3748; x_wconf 83' lang='lat' dir='ltr'><strong>tarum</strong></span> <span class='ocrx_word' id='word_1_240' title='bbox 266 3707 374 3750; x_wconf 89' lang='lat' dir='ltr'><strong>arcana</strong></span> <span class='ocrx_word' id='word_1_241' title='bbox 400 3689 615 3770; x_wconf 88' lang='lat' dir='ltr'><strong>molitionum,</strong></span> <span class='ocrx_word' id='word_1_242' title='bbox 647 3692 733 3757; x_wconf 82' lang='lat' dir='ltr'><strong>vaira</strong></span> <span class='ocrx_word' id='word_1_243' title='bbox 762 3687 932 3777; x_wconf 90' lang='lat' dir='ltr'><strong>eademque</strong></span> <span class='ocrx_word' id='word_1_244' title='bbox 952 3689 1044 3754; x_wconf 70' lang='lat' dir='ltr'><strong>&#39;cassa</strong></span> <span class='ocrx_word' id='word_1_245' title='bbox 1063 3693 1243 3778; x_wconf 86' lang='lat' dir='ltr'><strong>plemmque</strong></span> 
     </span>
     <span class='ocr_line' id='line_1_34' title="bbox 140 3791 1243 3881; baseline 0.007 -31"><span class='ocrx_word' id='word_1_246' title='bbox 140 3809 283 3852; x_wconf 85' lang='lat' dir='ltr'><strong>succesm</strong></span> <span class='ocrx_word' id='word_1_247' title='bbox 321 3791 432 3858; x_wconf 83' lang='lat' dir='ltr'><strong>artium</strong></span> <span class='ocrx_word' id='word_1_248' title='bbox 465 3791 682 3860; x_wconf 81' lang='lat' dir='ltr'><strong>illaudatamm</strong></span> <span class='ocrx_word' id='word_1_249' title='bbox 713 3803 901 3857; x_wconf 86' lang='lat' dir='ltr'><strong>tentamenta</strong></span> <span class='ocrx_word' id='word_1_250' title='bbox 927 3792 1062 3881; x_wconf 87' lang='lat' dir='ltr'><strong>reperias</strong></span> <span class='ocrx_word' id='word_1_251' title='bbox 1092 3791 1243 3879; x_wconf 82' lang='lat' dir='ltr'><strong>descripta</strong></span> 
     </span>
     <span class='ocr_line' id='line_1_35' title="bbox 140 3889 1243 3985; baseline 0.005 -32"><span class='ocrx_word' id='word_1_252' title='bbox 140 3889 296 3971; x_wconf 84' lang='lat' dir='ltr'><strong>candide,</strong></span> <span class='ocrx_word' id='word_1_253' title='bbox 320 3897 466 3980; x_wconf 80' lang='lat' dir='ltr'><strong>patefacta</strong></span> <span class='ocrx_word' id='word_1_254' title='bbox 480 3893 695 3985; x_wconf 80' lang='lat' dir='ltr'><strong>simplicitsra</strong></span> <span class='ocrx_word' id='word_1_255' title='bbox 717 3895 838 3960; x_wconf 87' lang='lat' dir='ltr'><strong>conscio</strong></span> <span class='ocrx_word' id='word_1_256' title='bbox 860 3909 892 3961; x_wconf 89' lang='lat' dir='ltr'><strong>et</strong></span> <span class='ocrx_word' id='word_1_257' title='bbox 914 3908 1050 3983; x_wconf 87' lang='lat' dir='ltr'><strong>autopta.</strong></span> <span class='ocrx_word' id='word_1_258' title='bbox 1103 3915 1243 3958; x_wconf 88' lang='lat' dir='ltr'><strong>summos</strong></span> 
     </span>
     <span class='ocr_line' id='line_1_36' title="bbox 138 3991 1243 4088; baseline 0.006 -32"><span class='ocrx_word' id='word_1_259' title='bbox 138 3993 237 4058; x_wconf 84' lang='lat' dir='ltr'><strong>modo</strong></span> <span class='ocrx_word' id='word_1_260' title='bbox 265 3995 374 4061; x_wconf 86' lang='lat' dir='ltr'><strong>hanno</strong></span> <span class='ocrx_word' id='word_1_261' title='bbox 392 3997 493 4086; x_wconf 83' lang='lat' dir='ltr'><strong>spicea</strong></span> <span class='ocrx_word' id='word_1_262' title='bbox 512 4021 614 4064; x_wconf 80' lang='lat' dir='ltr'><strong>renam</strong></span> <span class='ocrx_word' id='word_1_263' title='bbox 636 4001 799 4088; x_wconf 80' lang='lat' dir='ltr'><strong>pervolans</strong></span> <span class='ocrx_word' id='word_1_264' title='bbox 819 3999 938 4081; x_wconf 82' lang='lat' dir='ltr'><strong>stringit</strong></span> <span class='ocrx_word' id='word_1_265' title='bbox 958 3997 1124 4080; x_wconf 70' lang='lat' dir='ltr'><strong>(ingeras,</strong></span> <span class='ocrx_word' id='word_1_266' title='bbox 1154 3991 1243 4076; x_wconf 77' lang='lat' dir='ltr'><strong>ursus,¹</strong></span> 
     </span>
     <span class='ocr_line' id='line_1_37' title="bbox 137 4095 1243 4192; baseline 0.003 -31"><span class='ocrx_word' id='word_1_267' title='bbox 137 4095 224 4184; x_wconf 84' lang='lat' dir='ltr'><strong>quod</strong></span> <span class='ocrx_word' id='word_1_268' title='bbox 252 4097 363 4181; x_wconf 79' lang='lat' dir='ltr'><strong>sciam,</strong></span> <span class='ocrx_word' id='word_1_269' title='bbox 394 4102 472 4167; x_wconf 88' lang='lat' dir='ltr'><strong>alius</strong></span> <span class='ocrx_word' id='word_1_270' title='bbox 492 4099 678 4168; x_wconf 87' lang='lat' dir='ltr'><strong>Graecorum</strong></span> <span class='ocrx_word' id='word_1_271' title='bbox 706 4115 828 4192; x_wconf 90' lang='lat' dir='ltr'><strong>tempus</strong></span> <span class='ocrx_word' id='word_1_272' title='bbox 857 4099 941 4169; x_wconf 89' lang='lat' dir='ltr'><strong>istud</strong></span> <span class='ocrx_word' id='word_1_273' title='bbox 967 4113 1116 4180; x_wconf 89' lang='lat' dir='ltr'><strong>tractans,</strong></span> <span class='ocrx_word' id='word_1_274' title='bbox 1140 4097 1243 4164; x_wconf 88' lang='lat' dir='ltr'><strong>idem-</strong></span> 
     </span>
     <span class='ocr_line' id='line_1_38' title="bbox 136 4195 1249 4296; baseline 0.003 -29"><span class='ocrx_word' id='word_1_275' title='bbox 136 4219 198 4286; x_wconf 82' lang='lat' dir='ltr'><strong>que</strong></span> <span class='ocrx_word' id='word_1_276' title='bbox 223 4221 294 4262; x_wconf 85' lang='lat' dir='ltr'><strong>non</strong></span> <span class='ocrx_word' id='word_1_277' title='bbox 318 4203 454 4269; x_wconf 88' lang='lat' dir='ltr'><strong>omnium</strong></span> <span class='ocrx_word' id='word_1_278' title='bbox 482 4205 637 4294; x_wconf 89' lang='lat' dir='ltr'><strong>inspector</strong></span> <span class='ocrx_word' id='word_1_279' title='bbox 663 4227 824 4296; x_wconf 84' lang='lat' dir='ltr'><strong>praesens,</strong></span> <span class='ocrx_word' id='word_1_280' title='bbox 856 4207 969 4296; x_wconf 90' lang='lat' dir='ltr'><strong>quippe</strong></span> <span class='ocrx_word' id='word_1_281' title='bbox 996 4205 1099 4268; x_wconf 90' lang='lat' dir='ltr'><strong>iunior</strong></span> <span class='ocrx_word' id='word_1_282' title='bbox 1119 4195 1249 4286; x_wconf 75' lang='lat' dir='ltr'><strong>Pachy-&#39;</strong></span> 
     </span>
     <span class='ocr_line' id='line_1_39' title="bbox 138 4307 1242 4398; baseline -0.011 -15"><span class='ocrx_word' id='word_1_283' title='bbox 138 4322 245 4382; x_wconf 63' lang='grc' dir='ltr'><strong>ΜΝ,</strong></span> <span class='ocrx_word' id='word_1_284' title='bbox 275 4319 330 4368; x_wconf 85' lang='lat' dir='ltr'><strong>nec</strong></span> <span class='ocrx_word' id='word_1_285' title='bbox 350 4307 569 4398; x_wconf 83' lang='lat' dir='ltr'><strong>comparandus</strong></span> <span class='ocrx_word' id='word_1_286' title='bbox 590 4311 661 4378; x_wconf 88' lang='lat' dir='ltr'><strong>huic</strong></span> <span class='ocrx_word' id='word_1_287' title='bbox 691 4309 838 4396; x_wconf 75' lang='lat' dir='ltr'><strong>dignitate</strong></span> <span class='ocrx_word' id='word_1_288' title='bbox 858 4322 890 4378; x_wconf 86' lang='lat' dir='ltr'><strong>et</strong></span> <span class='ocrx_word' id='word_1_289' title='bbox 915 4310 1015 4398; x_wconf 88' lang='lat' dir='ltr'><strong>impar</strong></span> <span class='ocrx_word' id='word_1_290' title='bbox 1036 4307 1168 4390; x_wconf 77' lang='lat' dir='ltr'><strong>iudici03</strong></span> <span class='ocrx_word' id='word_1_291' title='bbox 1192 4307 1242 4371; x_wconf 88' lang='lat' dir='ltr'><strong>in-</strong></span> 
     </span>
    </p>
   </div>
   <div class='ocr_carea' id='block_1_3' title="bbox 0 0 1388 4786">
    <p class='ocr_par' dir='ltr' id='par_1_4' title="bbox 0 0 1388 4786">
     <span class='ocr_line' id='line_1_40' title="bbox 0 0 1388 4786; baseline 0 0"><span class='ocrx_word' id='word_1_292' title='bbox 0 0 1388 4786; x_wconf 95' lang='lat' dir='ltr'><strong> </strong></span> 
     </span>
    </p>
   </div>
  </div>
 </body>
</html>
