2782 4792
773 27 783 66 t

408 305 536 377 ιιιιι
587 305 864 377 cuoessmmn
935 266 939 276 ’
1124 309 1201 382 ooo

21 465 24 470 ’
90 494 127 535 ao
147 470 332 554 reipublicae
351 471 493 533 cuiusvis.
537 473 640 553 quales
662 473 864 534 collectiones
877 472 1044 534 universae
1059 491 1129 536 oum
1143 495 1200 538 ne·

90 570 205 640 queant
220 559 311 620 simul
325 558 508 620 intervenire
532 559 750 634 conventibus,
781 567 879 618 certos
893 558 1031 620 homiues
1046 559 1201 623 destinent

91 646 144 724 qui
158 645 227 704 loco
243 645 375 724 ipsarum
389 643 497 706 adsint.
539 643 615 706 ethi
635 654 782 705 vocantur
800 645 834 704 in
847 644 921 704 sctis
932 645 1066 706 Floreat.
1088 647 1199 726 synodi

89 729 293 812 concerperet
305 734 368 792 seir
379 730 580 810 soopoovlosv.
611 727 756 790 hocloco
772 749 806 789 es
819 749 882 790 vox
895 730 1018 790 ridetur
1030 731 1198 810 significare
1223 807 1224 812 γ

90 825 209 876 certum
227 835 386 874 numerum
407 815 554 876 lectorum
570 814 719 894 suffragiis
742 815 850 896 populi
865 815 1121 892 consiliariorum,
1144 818 1197 898 qui

89 901 277 983 praescripto
292 903 389 980 spatio
404 901 550 980 temporis
561 921 698 982 prueeese
710 900 850 979 regimini
863 900 1046 980 reipublicae
1060 902 1196 964 debeant.

90 987 135 1045 ait
146 987 224 1046 enim
237 995 340 1046 noster
352 987 562 1046 Andronicum·
574 985 722 1048 offensum
736 986 944 1046 Genuensibus
961 984 1041 1064 quod
1052 987 1076 1046 ii
1086 1008 1196 1068 quem·-

89 1071 159 1132 dsm
174 1071 252 1130 male
268 1072 458 1132 multandum
477 1081 648 1147 curassent,
671 1071 835 1132 exclusisse
848 1071 932 1151 ipsos
951 1070 1042 1146 urbe,
1061 1073 1203 1133 versari--

88 1175 149 1236 que
169 1157 291 1216 solitum
311 1157 344 1216 in
364 1157 428 1216 eius
455 1158 600 1217 comitatu
619 1156 748 1235 legatum
764 1158 913 1236 quendem
926 1157 1196 1234 autmsgistratnm

89 1261 194 1302 eorum
208 1263 226 1300 a
245 1252 413 1322 conspectu
430 1242 592 1320 amovisse,
620 1243 658 1300 de
674 1244 754 1302 iacto
766 1237 869 1302 'tamen
884 1243 951 1323 ipso
966 1243 1101 1302 nondum
1113 1244 1195 1304 iudi-

90 1327 262 1387 candoaut
288 1327 419 1388 iudicari
433 1347 487 1408 par
508 1327 681 1388 Ganuenses
702 1327 898 1407 postulando,
931 1327 1013 1407 quod
1031 1327 1095 1388 eius
1110 1329 1195 1389 iudi-

89 1411 170 1472 cium
194 1423 362 1474 reservaret
379 1434 457 1474 novo
479 1415 668 1488 communio,
690 1413 811 1473 hocest
825 1413 951 1489 collegio
968 1413 1195 1492 magistratuum

88 1498 205 1558 delecto
220 1497 260 1557 sd
272 1499 425 1576 regiminis
439 1499 737 1558 sdministrstionem.
763 1497 934 1559 istiusmodi
951 1499 1064 1578 quippe
1078 1519 1195 1560 novum

88 1583 251 1644 concilium
276 1593 337 1644 aut
349 1584 507 1683 collegium
531 1587 761 1664 praefectorum
758 1582 907 1663 regimini
928 1582 988 1644 ism
1009 1583 1195 1663 designatum

88 1683 162 1730 mox
177 1667 324 1728 initurum
340 1671 557 1749 possessionem
571 1670 795 1748 gubernationis
812 1689 914 1729 rerum
937 1669 1083 1730 audiebat

172 1751 411 1835 κτητοριιιὸν
432 1756 590 1818 δίκαιον
614 1776 644 1840 Ρ.
636 1759 762 1820 .198ι.
779 1753 810 1819 4.
852 1753 964 1832 egttde
979 1774 1108 1834 corpore
1122 1775 1196 1835 pro

88 1837 255 1900 toveetisrii
277 1840 554 1921 Constantinopoli
562 1841 689 1916 mortui,
718 1839 798 1919 quod
814 1839 857 1898 eit
875 1848 1029 1919 portatum
1041 1840 1194 1919 Nicaeam,

91 1925 162 2003 quia
178 1923 227 1984 ius
245 1923 288 1982 ibi
303 1925 510 2006 sepulturae
500 1945 527 1984 rs
546 1923 670 1986 baberet
688 1925 783 1985 dotali
805 1924 919 1984 ratione
933 1935 1071 2006 partum,
1093 1945 1193 1986 uxore
1255 1923 1257 1932 ’

88 2007 184 2089 ipsius
203 2018 395 2112 patronatum
423 2011 457 2070 in
479 2011 511 2070 id
532 2011 747 2072 monasterium
766 2010 936 2086 obtinente,
963 2009 1047 2090 quod
1064 2010 1193 2076 maiores

87 2094 248 2153 scilicet'
224 2113 288 2156 erus
302 2097 375 2155 aut
366 2116 431 2176 spes
444 2105 543 2156 totum
557 2097 615 2204 rel
620 2117 658 2157 ex
673 2104 757 2176 parte
768 2095 951 2157 fundassent.
994 2095 1054 2155 hoc
1068 2095 1193 2158 videtur

86 2177 139 2240 bic
151 2178 213 2241 dici
223 2177 399 2262 ermenerico
417 2175 577 2245 dinosou’
558 2177 619 2250 ond
632 2185 689 2262 τῆς
704 2175 843 2263 συζύγου.
885 2172 1026 2262 κτήτορες
1040 2178 1193 2260 Hesychio

87 2273 159 2325 sunt
178 2267 295 2329 ιιιιστιιί
312 2265 497 2342 conditores,
519 2287 589 2342 ssu,
619 2276 654 2327 ut
677 2266 768 2344 vulgo
793 2264 962 2345 loquimur,
983 2263 1194 2346 fundatores,

86 2351 192 2410 uude
182 2371 246 2427 rus,
269 2352 349 2430 qood
364 2371 401 2411 ex
414 2351 580 2411 conditu
557 2371 626 2414 esve
630 2350 823 2430 fundatione
840 2349 1049 2411 fundatoribus
1065 2369 1193 2430 compe—

86 2435 143 2511 tit,
164 2445 246 2496 recte
258 2435 435 2520 srncopnsdr
452 2439 571 2500 dieseos
589 2438 649 2498 diei
670 2437 779 2518 potuit.
823 2455 912 2516 soepe
926 2445 1026 2495 autem
1044 2435 1194 2496 ecclesis-

85 2521 163 2580 stico
177 2541 236 2581 usu
248 2522 328 2582 inter
343 2523 401 2582 elia
412 2521 590 2601 honoreris,
608 2542 686 2603 quae
702 2521 914 2582 fundatoribus
928 2521 1070 2582 ecclesiae
1084 2541 1194 2583 mona-

86 2605 171 2666 sterii
189 2615 241 2666 aut
259 2609 338 2668 sacri
360 2609 494 2672 cuiusvis
512 2608 574 2669 loci
603 2618 797 2691 competunt,
825 2613 871 2668 est
891 2607 947 2668 ius¹
964 2609 1138 2690 sepulturae
1158 2607 1194 2668 iu

85 2691 125 2752 iis
137 2692 228 2755 locis.

169 2769 300 2851 lende
318 2797 349 2857 Ρ.
369 2777 411 2843 68
435 2799 466 2839 v
489 2775 541 2842 14.
588 2777 649 2838 hoo
679 2776 874 2858 proverbium
897 2786 979 2837 tomo
1000 2774 1144 2858 prioris
1161 2790 1194 2834 sa

84 2871 275 2942 usurpatum,
296 2873 326 2922 et
339 2862 403 2922 illio
418 2883 435 2921 s
452 2863 539 2922 nobis
556 2860 765 2924 declaratum
755 2883 788 2922 ιιι
805 2861 969 2938 Glossario,
996 2881 1032 2921 eo
1048 2859 1148 2940 aptius
1163 2865 1195 2918 et

85 2947 249 3024 elegantius
263 2947 315 3007 hio
337 2947 459 3008 adhibet
474 2948 686 3039 Pacbymerss,
716 2947 797 3027 quod
815 2947 896 3007 istud
913 2946 1071 3006 Prodromi
1086 2965 1194 3007 mons-

81 3033 223 3109 sterium,
241 3053 258 3090 ι
274 3053 336 3112 quo
349 3053 381 3093 se
397 3033 502 3094 divelli
515 3053 600 3113 aegre
614 3034 729 3094 sinebst
745 3031 933 3093 Theodorus
937 3031 1113 3112 Cyzicenus,
1130 3034 1193 3092 for·
1210 3042 1233 3096 P
1249 3041 1302 3098 493

84 3118 158 3178 titer
178 3117 328 3178 ebducere
343 3118 521 3180 conantibus
542 3119 718 3193 obluctans,
748 3118 852 3178 Petrae
873 3137 1038 3196 cognomen
1057 3115 1194 3178 habebut.

84 3201 167 3262 idem
189 3202 283 3278 enim,
311 3213 348 3264 ut
368 3205 515 3281 ridetur,
530 3215 575 3264 est
596 3225 664 3265 oum
678 3204 732 3264 illo
747 3204 829 3282 quod
846 3203 985 3285 superius
998 3225 1029 3284 p.
1043 3201 1127 3267 etv.
1143 3201 1193 3267 15.

85 3285 166 3369 poesi
181 3311 236 3351 του
223 3287 485 3374 Προὸρόμου
446 3313 501 3372 eng
515 3288 641 3372 Πέτρας,
663 3292 882 3350 monoeters'um
893 3287 1061 3350 Prodronsi
1070 3291 1190 3366 Petrus,

83 3391 100 3432 a
124 3375 264 3454 pelletur

101 3395 122 3455 P
170 3459 357 3540 lineorp·
375 3463 457 3524 ter.
475 3433 523 3524 18.
566 3459 684 3536 tiseos,
705 3460 797 3540 vulgo
812 3479 901 3537 cuna,
923 3459 1046 3522 videtur
1059 3456 1110 3518 inc
1126 3455 1190 3518 dies

83 3563 177 3622 genus
190 3545 314 3604 lecticae
329 3551 381 3602 aut
393 3545 497 3604 ferculi
500 3565 583 3624 ,quo
597 3554 764 3624 gestaretur
774 3567 866 3607 senex
881 3546 1063 3689 decrepitus,
1079 3558 1190 3621 nempe

80 3631 306 3710 gestatorium,
325 3639 558 3712 vox-usurpetis
578 3632 751 3692 Suetonio
740 3651 774 3692 su
788 3631 931 3692 Clsudioe
952 3651 987 3689 so
988 3631 1064 3689 litus
1082 3629 1115 3686 in
1130 3647 1188 3707 ge-

80 3718 212 3774 statorio
228 3713 340 3776 ludere.

168 3795 361 3880 Aneesois
381 3822 414 3881 Ρ.
427 3803 530 3867 eoev.
538 3805 630 3882 seqq.
671 3805 729 3866 sot
742 3795 776 3866 δ’
792 3795 889 3866 edroi
902 3793 1187 3876 ienae-idmon-

82 3885 342 3968 βιιιῶνιιλὲγοιισι.
385 3887 508 3948 etiufra

250 3975 332 4052 μῆνα
354 3967 388 4034 di
408 3971 538 4052 Annesel
557 3966 662 4055 npdrn
684 3967 772 4054 βάσις
793 3971 896 4036 forceo
917 3963 1035 4050 μήνης..

82 4051 202 4116 habes'
191 4076 224 4114 ιιι
237 4055 285 4117 his
300 4055 513 4137 Pschymerem
525 4067 663 4118 secutum
680 4055 890 4118 auctoritatem
904 4054 1103 4136 interpretum
1119 4050 1190 4112 He-

48 4191 50 4196 .
82 4139 179 4217 siodi,
201 4141 274 4202 dum
288 4161 409 4202 carmen
424 4143 530 4226 apud'
520 4163 604 4223 ιΡιοι
624 4140 970 4224 pungeret,1anuarium
983 4157 1106 4200 vocene
1116 4143 1188 4218 Λη-

76 4227 202 4290 ναιῶνα
218 4227 310 4306 qnasi
318 4227 361 4287 eic
375 4228 428 4289 ille
441 4229 551 4289 mensis
565 4230 602 4288 ab
621 4226 856 4288 Atheniensibus
870 4226 1094 4299 nominaretur,
1118 4243 1189 4284 cum

81 4329 118 4372 re
133 4329 206 4372 vers
226 4314 314 4374 iuxts
334 4315 533 4390 exactiorem,
555 4324 591 4375 ut
603 4322 708 4395 putat,
730 4311 910 4384 senteutiam
924 4312 1127 4390 Romanorum
1139 4309 1189 4372 la·
