2774 4784
209 305 291 378 772·
515 297 754 373 obscurati
773 293 1019 368 ΡΔΟΗῩΜΕΗ.

228 485 262 530 ω’
286 468 449 553 ‘p.‘664'v.
466 471 519 536 ΞΒ.
549 471 678 528 'circiter
690 469 861 548 aa'xcginta.
903 463 1192 546 ruperimatixerat
1213 461 1335 525 ceum

215 557 428 638 qninquaginta
441 554 599 614 Catalanoa
612 554 771 614 comitatos
785 553 874 612 fniaao
886 550 1084 612 licntzerinm
1092 551 1139 611 'ad
1154 549 1335 611 Michaelem

215 645 345 718 euntem,
367 652 433 701 tum
445 634 563 700 eoadem
577 641 630 701 illo
642 639 801 700 interiecto
816 645 929 718 captoa.
972 637 1114 696 nimirum
1128 636 1223 728 multi
1236 637 1332 716 primo

214 729 351 789 tumultu
363 728 503 807 fugerint,
526 725 613 784 multi
625 726 704 805 longi
719 725 846 784 carrena
856 723 1053 782 incommodis
1064 723 1223 801 abmmpti
1237 724 1332 801 perie-

215 816 294 892 rint,
315 821 353 873 nt
365 820 580 874 nunctantuan
597 813 748 890 sexaginta
763 817 960 890 aupereaaent.
997 809 1152 888 'Gregoraa
1169 817 1202 867 et
1214 807 1331 867 Fluan-

215 911 278 958 taea
299 899 421 958 comiter
439 897 529 962 hcace
547 897 700 958 llontaarii
715 895 877 962 liberaliter
897 893 1114 976 multiplicant,
1136 913 1270 954 numero
1293 894 1329 954 ad

216 979 580 1044 ducentoarotundando.
946 989 950 1002 ’·

277 1147 282 1152 -
301 1131 331 1190 p-
347 1105 421 1177 558.
464 1108 550 1184 Quae
569 1107 619 1168 hic
637 1107 812 1168 referuntur
828 1107 866 1166 de
880 1105 1074 1184 Smiltzacna,
1095 1105 1158 1167 hoe
1172 1115 1220 1168 eat
1236 1127 1329 1168 uxore

218 1189 374 1273 Smiltzae,
395 1214 471 1274 quae
493 1193 590 1274 neptis
607 1203 672 1254 erat
693 1193 882 1274 imperatoria
895 1191 1059 1253 Andronici
1078 1212 1116 1252 ex
1132 1193 1233 1252 fratre
1251 1195 1329 1254 Gon-

218 1282 349 1342 atantino
363 1281 604 1356 aebeatocratore,
625 1279 789 1359 reapiciunt
803 1280 885 1359 priua
898 1288 1021 1339 narrata
1034 1301 1052 1338 a
1065 1287 1172 1338 noatro
1186 1277 1329 1340 hiatcrioc

218 1390 243 1440 c.
260 1371 300 1436 18
315 1368 334 1427 l.
348 1367 385 1448 5,
403 1387 472 1427 curn
488 1366 611 1445 quibua,
633 1373 668 1425 ut
683 1365 903 1446 intelligantur,
925 1363 1125 1446 comparanda
1139 1374 1226 1426 aunt.

303 1513 334 1574 p.
352 1491 414 1560 669
433 1511 464 1552 v,
481 1497 532 1556 11.
573 1491 641 1552 Hoc
658 1510 699 1550 ex
716 1491 871 1552 occaaione
893 1491 1087 1572 Pachyrnerca
1107 1493 1235 1571 attingit
1252 1493 1334 1553 ultra

219 1587 314 1641 metae
327 1579 388 1636 eius
407 1575 551 1636 historiae
570 1596 741 1637 excurrcna.
784 1595 854 1636 nam
869 1578 925 1637 aub
945 1577 1034 1640 finem
1045 1578 1128 1637 vitae
1140 1579 1330 1658 imperatoria

218 1661 369 1725 Michaelis
381 1661 525 1740 iunior-ia,
547 1682 635 1742 quern
650 1662 727 1744 libro
742 1661 852 1722 harum
868 1663 993 1724 Observ.
1009 1669 1028 1729 8
1042 1679 1069 1722 c.
1086 1668 1100 1726 1
1117 1685 1150 1728 n.
1166 1664 1329 1730 lidemon-

218 1749 379 1810 etrabimua
401 1757 551 1808 mortuum
571 1743 663 1808 iniere
677 1746 802 1810 Octobri
820 1749 916 1808 menei
931 1749 1002 1810 anni
1016 1747 1088 1810 chr.
1107 1753 1215 1823 1820,
1237 1751 1329 1810 trede-

218 1834 277 1894 cim
291 1825 384 1894 lerme
400 1833 484 1893 annia
504 1843 574 1914 poat
588 1833 619 1914 id
635 1841 751 1914 tempus
765 1833 798 1894 in
831 1855 871 1894 uo
885 1827 1009 1896 hiatoria
1025 1829 1268 1914 Pacbymeriana
1282 1836 1329 1896 dc·

218 1918 312 1997 sinit,
337 1901 389 1979 liic
411 1911 697 1998 Osphentiatblaboa
711 1939 765 1978 rex
778 1854 935 1999 Ballgariee
949 1917 1140 1980 Theodoram
1156 1920 1286 1982 alteram
1297 1919 1329 1980 fi·

219 2006 331 2064 liarum
352 2003 485 2064 eiusdem
511 1993 806 2082 Augusti-Michaiilia
821 2005 949 2068 iunioria
966 2005 1056 2066 duxit
1070 2025 1220 2083 uxorem,
1242 2017 1331 2088 prout

220 2091 330 2152 diserte
343 2091 471 2152 testatur
485 2085 631 2167 Gregcraa
645 2091 711 2170 ipro
727 2090 877 2172 principio
891 2090 941 2156 l.8
955 2093 1069 2172 p.129,
1090 2112 1184 2170 quam
1199 2103 1233 2152 et
1246 2093 1329 2170 lange

219 2176 305 2258 priua
321 2176 443 2255 petiiase
456 2173 559 2237 noster
573 2171 811 2236 memorat'inl'ra
825 2191 851 2236 c.
865 2176 940 2241 271.
954 2183 986 2244 7.
1030 2196 1124 2255 porro
1152 2180 1215 2254 (ut
1233 2188 1264 2237 et
1276 2175 1329 2238 boc

218 2261 317 2321 obiter
342 2261 493 2338 attexam)
517 2259 597 2340 quod
610 2259 684 2320 huic
699 2259 851 2321 interdurn
874 2257 989 2321 nomini
1002 2259 1205 2341 Pacbymerca
1222 2263 1251 2322 0
1262 2264 1330 2322 lito-

219 2363 285 2408 rarn
299 2345 474 2424 praemittit,
488 2345 550 2422 hoc
562 2347 629 2406 loco
643 2355 672 2406 et
685 2345 865 2426 quibuadam
875 2347 944 2406 aliia
957 2343 1269 2429 Orphentiatlrlabuur
1281 2369 1329 2408 vo-

220 2451 301 2506 cene,
325 2447 414 2508 quern
430 2429 501 2490 alibi
517 2429 794 2511 Sphentiatlrlabnrn
811 2432 962 2508 nominat,
981 2433 1082 2509 favet,
1104 2432 1140 2492 ni
1153 2433 1253 2494 fallor
1264 2454 1329 2492 con·

217 2515 352 2576 iecturao
368 2514 490 2592 Wolfii,
512 2517 592 2576 notia
613 2517 653 2576 ad
667 2517 831 2596 Gregoram
848 2517 1157 2598 p.271rurpicantie
1175 2539 1195 2576 a
1212 2517 1329 2588 Graecia

130 2635 138 2654 ,
219 2599 505 2680 ψὴιηιίεεήίαὸιιηι
525 2601 614 2662 scribi
634 2621 744 2663 nomen
767 2622 784 2663 a
806 2603 996 2664 Pannonibur
1012 2601 1104 2666 hodie
1124 2623 1163 2668 ac
1185 2603 1328 2666 Sarmatia

224 2687 422 2750 Vencealcum
443 2685 542 2747 efferri
559 2685 693 2749 nclitum.
870 2697 871 2700 ’
1014 2701 1015 2704 ’

305 2833 337 2893 p.
354 2809 527 2879 577v.10.
569 2816 625 2876 tori
644 2810 757 2878 aldim
778 2807 870 2894 plicae
893 2803 1052 2898 ὅρὲγονται
1071 2809 1199 2892 πάντες.
1245 2815 1328 2897 qnin-

213 2909 281 2978 'que
292 2899 396 2978 'priora
410 2897 501 2958 liniue
516 2899 671 2960 commatis
684 2899 775 2961 verba
789 2900 979 2960 notiaaimum
992 2903 1105 2960 suntet
1120 2901 1328 2962 decantatiari-

219 3001 304 3044 mum
323 2984 495 3044 Aristotelia
518 2983 657 3060 effatum,
680 2995 719 3044 eta
744 2985 836 3044 initio
857 2985 947 3066 primi
968 2984 1030 3045 eiua
1050 2981 1327 3068 Metaphysicorun

115 3081 206 3138 {³657
222 3066 302 3130 libri.
347 3085 423 3147 quae
448 3077 547 3128 eutem
568 3070 712 3131 continue
731 3080 915 3132 memoratur
935 3091 952 3130 a
970 3070 1154 3151 Pachyrnere
1178 3066 1329 3155 α’γᾶπησις

221 3159 285 3216 acia
300 3147 487 3232 cintreiacum
512 3169 573 3215 non
587 3169 651 3215 cam
667 3157 764 3216 aclnm
779 3177 869 3236 quarn
882 3156 915 3216 in
927 3157 1179 3236 interpretatione
1194 3156 1327 3240 expraaci

221 3237 451 3300 delectationem
464 3239 497 3298 in
513 3261 571 3301 uau
587 3241 773 3324 percipiendi
787 3241 900 3301 obiecta
913 3263 969 3324 per
982 3256 1084 3302 cenant
1097 3241 1258 3322 derigunt,
1280 3241 1327 3301 aed

220 3332 392 3406 praeterea,
413 3325 500 3384 iuxta
514 3325 671 3385 notionem
690 3327 842 3409 propriam
859 3327 966 3388 Graeci
977 3326 1063 3387 verbi
1077 3320 1223 3408 dycaeo,
1244 3329 1328 3388 catir-

220 3408 384 3472 factionem
405 3413 435 3470 ei
454 3411 539 3489 quaai
562 3411 683 3493 planam
703 3413 867 3472 aatietatem
886 3408 1017 3473 hominia
1031 3413 1190 3492 contenti,
1213 3413 1328 3474 deaide·

220 3513 291 3555 rare
312 3495 382 3574 plna
400 3515 462 3555 non
483 3496 630 3573 valentia,
662 3497 733 3557 dnm
760 3498 873 3558 fruitur
899 3505 1004 3576 vegeta
1032 3498 1178 3558 facultate
1205 3511 1327 3558 auorum

223 3577 359 3639 omnium
391 3589 540 3642 sensuum.
582 3579 661 3640 hanc
685 3583 815 3662 quietem
837 3581 987 3643 humanae
1008 3583 1194 3643 numanitatia
1216 3585 1250 3644 in
1274 3595 1327 3643 nau

222 3665 367 3744 expedito
392 3686 534 3728 cenenum
559 3667 710 3744 eleganter
734 3667 867 3729 declarat
890 3669 995 3730 Cicera
1018 3667 1083 3732 1.2
1108 3667 1327 3742 Quaeatianura

221 3749 468 3812 Academicorum
489 3751 536 3812 hia
557 3751 675 3813 verbiaa
707 3751 869 3812 ordiamur
890 3795 945 3815 ...
966 3774 989 3812 a
1009 3753 1167 3829 aeacidae,
1199 3773 1329 3835 quorum
1382 3817 1383 3820 ,

222 3837 270 3892 a'tn
287 3836 374 3894 clara
386 3835 509 3896 iudicia
524 3847 552 3896 et
564 3849 647 3896 carta
660 3849 749 3915 aunt,
772 3849 825 3914 ut,
847 3841 876 3897 εἰ
891 3841 974 3920 optio
987 3849 1122 3898 naturae
1133 3853 1265 3900 coatrae
1277 3837 1329 3898 de-

222 3930 296 3998 tur,
317 3931 346 3978 et
365 3921 406 3980 ab
426 3943 463 3982 ea
483 3920 557 3982 deur
578 3924 698 4003 aliquia
718 3927 857 4005 requirat
871 3935 1049 3984 contentane
1061 3927 1103 3982 ait
1115 3929 1188 3985 cuia
1202 3927 1329 4007 integris

222 4007 472 4088 incorrupti-aque
491 4009 651 4086 aenribua,
677 4029 720 4068 ara
737 4011 875 4091 postulet
897 4011 1007 4070 melina
1024 4009 1172 4090 aliquid,
1195 4031 1261 4072 nora
1283 4013 1331 4072 aa·

222 4087 313 4150 deam
330 4090 409 4172 qnid
421 4104 552 4174 quaerat
568 4095 715 4178 anplius.
756 4094 901 4156 bactanua
917 4094 1045 4160 Tulliae

309 4217 466 4280 (laetarum
486 4219 548 4296 (de
565 4233 626 4301 qno
639 4221 731 4282 camel
746 4219 951 4282 admonendae
960 4221 1016 4282 lric
1027 4221 1128 4283 lector
1140 4225 1213 4303 eat)
1234 4220 1331 4283 codex

220 4299 355 4380 optimua
376 4304 558 4368 Barbuinaa
574 4306 627 4368 bie
644 4308 781 4370 decuere
799 4325 856 4368 noa
871 4307 1002 4388 incipit,
1024 4307 1138 4369 crebria
1155 4309 1194 4370 in
1211 4309 1330 4390 reliquo
