<?xml version="1.0" encoding="UTF-8"?>
<!DOCTYPE html PUBLIC "-//W3C//DTD XHTML 1.0 Transitional//EN"
    "http://www.w3.org/TR/xhtml1/DTD/xhtml1-transitional.dtd">
<html xmlns="http://www.w3.org/1999/xhtml" xml:lang="en" lang="en">
 <head>
  <title>
</title>
<meta http-equiv="Content-Type" content="text/html;charset=utf-8" />
  <meta name='ocr-system' content='tesseract 3.04.00' />
  <meta name='ocr-capabilities' content='ocr_page ocr_carea ocr_par ocr_line ocrx_word'/>
</head>
<body>
  <div class='ocr_page' id='page_1' title='image "./georgiipachymer00pousgoog_0297.png"; bbox 0 0 2880 4868; ppageno 0'>
   <div class='ocr_carea' id='block_1_1' title="bbox 198 379 979 455">
    <p class='ocr_par' dir='ltr' id='par_1_1' title="bbox 198 379 979 455">
     <span class='ocr_line' id='line_1_1' title="bbox 198 379 979 455; baseline -0.012 0"><span class='ocrx_word' id='word_1_1' title='bbox 198 382 272 455; x_wconf 77' lang='lat'>284</span> <span class='ocrx_word' id='word_1_2' title='bbox 511 379 689 451; x_wconf 86' lang='lat' dir='ltr'>GEORGII</span> <span class='ocrx_word' id='word_1_3' title='bbox 713 379 979 448; x_wconf 79' lang='lat' dir='ltr'>PACHYMERIS</span> 
     </span>
    </p>
   </div>
   <div class='ocr_carea' id='block_1_2' title="bbox 153 547 1326 1462">
    <p class='ocr_par' dir='ltr' id='par_1_2' title="bbox 153 547 1326 1462">
     <span class='ocr_line' id='line_1_2' title="bbox 195 547 1300 637; baseline -0.006 -17"><span class='ocrx_word' id='word_1_4' title='bbox 195 556 282 620; x_wconf 81' lang='grc' dir='ltr'><strong><em>τΙνου</em></strong></span> <span class='ocrx_word' id='word_1_5' title='bbox 300 549 485 636; x_wconf 68' lang='grc' dir='ltr'><strong><em>εἰσέρχεται,</em></strong></span> <span class='ocrx_word' id='word_1_6' title='bbox 511 552 563 618; x_wconf 83' lang='grc' dir='ltr'><strong><em>καλ</em></strong></span> <span class='ocrx_word' id='word_1_7' title='bbox 588 551 645 636; x_wconf 75' lang='grc' dir='ltr'>τὴν</span> <span class='ocrx_word' id='word_1_8' title='bbox 667 556 725 635; x_wconf 80' lang='grc' dir='ltr'>τῆς</span> <span class='ocrx_word' id='word_1_9' title='bbox 741 550 1017 637; x_wconf 78' lang='grc' dir='ltr'><strong><em>Παμμακαρύστου</em></strong></span> <span class='ocrx_word' id='word_1_10' title='bbox 1039 547 1139 633; x_wconf 80' lang='grc' dir='ltr'><strong><em>μονὴν</em></strong></span> <span class='ocrx_word' id='word_1_11' title='bbox 1156 558 1300 629; x_wconf 75' lang='grc' dir='ltr'><strong><em>κατοικεῖ,</em></strong></span> 
     </span>
     <span class='ocr_line' id='line_1_3' title="bbox 196 647 1302 745; baseline -0.005 -21"><span class='ocrx_word' id='word_1_12' title='bbox 196 655 275 725; x_wconf 84' lang='grc' dir='ltr'><strong><em>διιου</em></strong></span> <span class='ocrx_word' id='word_1_13' title='bbox 294 658 346 722; x_wconf 87' lang='grc' dir='ltr'><strong><em>καλ</em></strong></span> <span class='ocrx_word' id='word_1_14' title='bbox 359 655 409 720; x_wconf 77' lang='lat' dir='ltr'>tui</span> <span class='ocrx_word' id='word_1_15' title='bbox 424 661 521 744; x_wconf 80' lang='grc' dir='ltr'><strong><em>καιρῷ</em></strong></span> <span class='ocrx_word' id='word_1_16' title='bbox 531 655 592 739; x_wconf 74' lang='grc' dir='ltr'>μὲν</span> <span class='ocrx_word' id='word_1_17' title='bbox 604 655 720 745; x_wconf 71' lang='grc' dir='ltr'><strong><em>μετρίῳ</em></strong></span> <span class='ocrx_word' id='word_1_18' title='bbox 735 651 896 742; x_wconf 81' lang='grc' dir='ltr'><strong><em>ἧαράκτει,</em></strong></span> <span class='ocrx_word' id='word_1_19' title='bbox 921 650 987 720; x_wconf 71' lang='grc' dir='ltr'><strong><em>εἶτα</em></strong></span> <span class='ocrx_word' id='word_1_20' title='bbox 1004 651 1037 719; x_wconf 80' lang='grc' dir='ltr'>δ’</span> <span class='ocrx_word' id='word_1_21' title='bbox 1054 652 1200 730; x_wconf 73' lang='grc' dir='ltr'><strong><em>ἀξιωθεὶς</em></strong></span> <span class='ocrx_word' id='word_1_22' title='bbox 1214 647 1302 739; x_wconf 80' lang='grc' dir='ltr'><strong><em>παρά</em></strong></span> 
     </span>
     <span class='ocr_line' id='line_1_4' title="bbox 194 753 1323 846; baseline -0.007 -19"><span class='ocrx_word' id='word_1_23' title='bbox 194 786 228 827; x_wconf 82' lang='grc' dir='ltr'>τι</span> <span class='ocrx_word' id='word_1_24' title='bbox 252 765 308 826; x_wconf 76' lang='grc' dir='ltr'>τοῦ</span> <span class='ocrx_word' id='word_1_25' title='bbox 328 753 443 846; x_wconf 75' lang='grc' dir='ltr'><strong><em>κλήρου</em></strong></span> <span class='ocrx_word' id='word_1_26' title='bbox 470 760 522 823; x_wconf 84' lang='grc' dir='ltr'><strong><em>καλ</em></strong></span> <span class='ocrx_word' id='word_1_27' title='bbox 547 763 610 824; x_wconf 82' lang='grc' dir='ltr'>τῶν</span> <span class='ocrx_word' id='word_1_28' title='bbox 637 755 802 846; x_wconf 71' lang='grc' dir='ltr'><strong><em>ἀρχιερέων</em></strong></span> <span class='ocrx_word' id='word_1_29' title='bbox 831 757 888 836; x_wconf 85' lang='grc' dir='ltr'>τάς</span> <span class='ocrx_word' id='word_1_30' title='bbox 911 753 1017 843; x_wconf 89' lang='grc' dir='ltr'><strong><em>θύρας</em></strong></span> <span class='ocrx_word' id='word_1_31' title='bbox 1051 753 1205 842; x_wconf 74' lang='grc' dir='ltr'><strong><em>ἀνοίγνυσι</em></strong></span> <span class='ocrx_word' id='word_1_32' title='bbox 1234 765 1323 831; x_wconf 82' lang='grc' dir='ltr'><strong><em>τοῖς-</em></strong></span> 
     </span>
     <span class='ocr_line' id='line_1_5' title="bbox 195 855 1300 950; baseline -0.005 -20"><span class='ocrx_word' id='word_1_33' title='bbox 195 857 372 950; x_wconf 87' lang='grc' dir='ltr'><strong><em>τιροσδδαυς</em></strong></span> <span class='ocrx_word' id='word_1_34' title='bbox 394 859 474 947; x_wconf 82' lang='grc' dir='ltr'><strong><em>παρ’</em></strong></span> <span class='ocrx_word' id='word_1_35' title='bbox 501 859 613 928; x_wconf 75' lang='grc' dir='ltr'><strong><em>ἰκτῖνον</em></strong></span> <span class='ocrx_word' id='word_1_36' title='bbox 633 872 730 928; x_wconf 79' lang='grc' dir='ltr'>ποιεῖν</span> <span class='ocrx_word' id='word_1_37' title='bbox 753 859 953 946; x_wconf 64' lang='grc' dir='ltr'><strong><em>βουλομένοις</em></strong></span> <span class='ocrx_word' id='word_1_38' title='bbox 969 855 1049 925; x_wconf 87' lang='grc' dir='ltr'><strong><em>κατά</em></strong></span> <span class='ocrx_word' id='word_1_39' title='bbox 1072 883 1106 926; x_wconf 87' lang='grc' dir='ltr'>τι</span> <span class='ocrx_word' id='word_1_40' title='bbox 1133 860 1232 945; x_wconf 78' lang='grc' dir='ltr'><strong><em>κρίσιν</em></strong></span> <span class='ocrx_word' id='word_1_41' title='bbox 1248 860 1300 924; x_wconf 75' lang='grc' dir='ltr'><strong><em>καὶ</em></strong></span> 
     </span>
     <span class='ocr_line' id='line_1_6' title="bbox 195 958 1326 1050; baseline -0.007 -18"><span class='ocrx_word' id='word_1_42' title='bbox 195 966 320 1032; x_wconf 79' lang='grc' dir='ltr'><strong><em>αλανοῦν</em></strong></span> <span class='ocrx_word' id='word_1_43' title='bbox 337 961 444 1049; x_wconf 79' lang='grc' dir='ltr'><strong><em>ἓτδραν</em></strong></span> <span class='ocrx_word' id='word_1_44' title='bbox 457 961 613 1048; x_wconf 79' lang='grc' dir='ltr'><strong><em>άναδοχὴν</em></strong></span> <span class='ocrx_word' id='word_1_45' title='bbox 631 958 811 1050; x_wconf 83' lang='grc' dir='ltr'><strong><em>πατριάρχῃ</em></strong></span> <span class='ocrx_word' id='word_1_46' title='bbox 826 963 1014 1045; x_wconf 66' lang='grc' dir='ltr'><strong><em>πρέπουσαν.</em></strong></span> <span class='ocrx_word' id='word_1_47' title='bbox 1308 971 1326 1024; x_wconf 83' lang='grc'>5</span> 
     </span>
     <span class='ocr_line' id='line_1_7' title="bbox 153 1057 1300 1154; baseline -0.004 -20"><span class='ocrx_word' id='word_1_48' title='bbox 153 1078 179 1134; x_wconf 84' lang='grc'>1)</span> <span class='ocrx_word' id='word_1_49' title='bbox 294 1065 334 1137; x_wconf 69' lang='lat'>³.</span> <span class='ocrx_word' id='word_1_50' title='bbox 383 1064 421 1133; x_wconf 80' lang='lat' dir='ltr'>‘O</span> <span class='ocrx_word' id='word_1_51' title='bbox 432 1067 578 1150; x_wconf 80' lang='grc' dir='ltr'><strong><em>βασιλεύς</em></strong></span> <span class='ocrx_word' id='word_1_52' title='bbox 594 1065 627 1132; x_wconf 82' lang='grc' dir='ltr'>δ’</span> <span class='ocrx_word' id='word_1_53' title='bbox 645 1067 678 1132; x_wconf 73' lang='grc' dir='ltr'>ἓν</span> <span class='ocrx_word' id='word_1_54' title='bbox 696 1069 906 1154; x_wconf 74' lang='grc' dir='ltr'>Θεσσαλονίκῃ</span> <span class='ocrx_word' id='word_1_55' title='bbox 921 1061 1109 1150; x_wconf 80' lang='grc' dir='ltr'><strong><em>καθήμενος,</em></strong></span> <span class='ocrx_word' id='word_1_56' title='bbox 1131 1059 1200 1130; x_wconf 83' lang='grc' dir='ltr'><strong><em>τότε</em></strong></span> <span class='ocrx_word' id='word_1_57' title='bbox 1213 1057 1300 1150; x_wconf 82' lang='grc' dir='ltr'><strong><em>πρά-</em></strong></span> 
     </span>
     <span class='ocr_line' id='line_1_8' title="bbox 196 1161 1300 1257; baseline -0.005 -19"><span class='ocrx_word' id='word_1_58' title='bbox 196 1197 258 1248; x_wconf 87' lang='grc' dir='ltr'>τως</span> <span class='ocrx_word' id='word_1_59' title='bbox 278 1169 354 1238; x_wconf 75' lang='lat' dir='ltr'>idcio</span> <span class='ocrx_word' id='word_1_60' title='bbox 372 1167 505 1255; x_wconf 78' lang='grc' dir='ltr'><strong><em>ἔκελνην,</em></strong></span> <span class='ocrx_word' id='word_1_61' title='bbox 538 1169 651 1252; x_wconf 67' lang='grc' dir='ltr'><strong><em>ἔπεμπε</em></strong></span> <span class='ocrx_word' id='word_1_62' title='bbox 677 1171 735 1253; x_wconf 73' lang='grc' dir='ltr'>μὲν</span> <span class='ocrx_word' id='word_1_63' title='bbox 756 1170 835 1257; x_wconf 80' lang='grc' dir='ltr'><strong><em>πρὸς</em></strong></span> <span class='ocrx_word' id='word_1_64' title='bbox 854 1170 913 1254; x_wconf 78' lang='grc' dir='ltr'>τὴν</span> <span class='ocrx_word' id='word_1_65' title='bbox 934 1171 1016 1235; x_wconf 73' lang='lat' dir='ltr'>tutas</span> <span class='ocrx_word' id='word_1_66' title='bbox 1034 1161 1226 1249; x_wconf 77' lang='grc' dir='ltr'><strong><em>αύτανιψύαν</em></strong></span> <span class='ocrx_word' id='word_1_67' title='bbox 1242 1165 1300 1250; x_wconf 82' lang='grc' dir='ltr'>τὴν</span> 
     </span>
     <span class='ocr_line' id='line_1_9' title="bbox 187 1268 1300 1359; baseline -0.006 -18"><span class='ocrx_word' id='word_1_68' title='bbox 187 1274 320 1355; x_wconf 73' lang='grc' dir='ltr'><strong><em>Ἄνναν,</em></strong></span> <span class='ocrx_word' id='word_1_69' title='bbox 346 1271 444 1357; x_wconf 80' lang='grc' dir='ltr'><strong><em>αὐτῆς</em></strong></span> <span class='ocrx_word' id='word_1_70' title='bbox 458 1299 491 1358; x_wconf 84' lang='grc' dir='ltr'>χε</span> <span class='ocrx_word' id='word_1_71' title='bbox 506 1268 779 1359; x_wconf 70' lang='grc' dir='ltr'>προσλιπαρούσης</span> <span class='ocrx_word' id='word_1_72' title='bbox 794 1276 845 1338; x_wconf 76' lang='grc' dir='ltr'><strong><em>καὶ</em></strong></span> <span class='ocrx_word' id='word_1_73' title='bbox 860 1268 1005 1356; x_wconf 75' lang='grc' dir='ltr'>κινούσης</span> <span class='ocrx_word' id='word_1_74' title='bbox 1018 1272 1075 1356; x_wconf 74' lang='grc' dir='ltr'>τὴν</span> <span class='ocrx_word' id='word_1_75' title='bbox 1089 1270 1151 1338; x_wconf 81' lang='lat' dir='ltr'>sind</span> <span class='ocrx_word' id='word_1_76' title='bbox 1167 1275 1224 1336; x_wconf 81' lang='grc' dir='ltr'>τοῦ</span> <span class='ocrx_word' id='word_1_77' title='bbox 1237 1276 1300 1353; x_wconf 81' lang='grc' dir='ltr'><strong><em>βα-</em></strong></span> 
     </span>
     <span class='ocr_line' id='line_1_10' title="bbox 195 1369 1300 1462; baseline -0.005 -19"><span class='ocrx_word' id='word_1_78' title='bbox 195 1376 304 1453; x_wconf 65' lang='grc' dir='ltr'><strong><em>σιλέως</em></strong></span> <span class='ocrx_word' id='word_1_79' title='bbox 327 1374 500 1460; x_wconf 62' lang='lat' dir='ltr'>santonas,</span> <span class='ocrx_word' id='word_1_80' title='bbox 533 1375 645 1459; x_wconf 67' lang='grc' dir='ltr'><strong><em>ἔπεμπε</em></strong></span> <span class='ocrx_word' id='word_1_81' title='bbox 673 1377 708 1442; x_wconf 76' lang='grc' dir='ltr'>δὲ</span> <span class='ocrx_word' id='word_1_82' title='bbox 733 1377 784 1442; x_wconf 88' lang='grc' dir='ltr'><strong><em>καλ</em></strong></span> <span class='ocrx_word' id='word_1_83' title='bbox 806 1375 885 1462; x_wconf 78' lang='grc' dir='ltr'><strong><em>πρὸς</em></strong></span> <span class='ocrx_word' id='word_1_84' title='bbox 907 1375 981 1452; x_wconf 78' lang='grc' dir='ltr'><strong><em>τούς</em></strong></span> <span class='ocrx_word' id='word_1_85' title='bbox 1009 1369 1300 1459; x_wconf 77' lang='grc' dir='ltr'><strong><em>σιβαοτακράταρας</em></strong></span> 
     </span>
    </p>
   </div>
   <div class='ocr_carea' id='block_1_3' title="bbox 91 1471 1397 2699">
    <p class='ocr_par' dir='ltr' id='par_1_3' title="bbox 91 1471 1397 2699">
     <span class='ocr_line' id='line_1_11' title="bbox 195 1471 1345 1570; baseline -0.007 -23"><span class='ocrx_word' id='word_1_86' title='bbox 195 1481 255 1570; x_wconf 66' lang='grc' dir='ltr'>(ἔτι</span> <span class='ocrx_word' id='word_1_87' title='bbox 281 1477 342 1568; x_wconf 75' lang='grc' dir='ltr'>γάρ</span> <span class='ocrx_word' id='word_1_88' title='bbox 371 1478 403 1545; x_wconf 72' lang='grc' dir='ltr'>ἓν</span> <span class='ocrx_word' id='word_1_89' title='bbox 421 1487 488 1555; x_wconf 82' lang='grc' dir='ltr'><strong><em>τοῖς</em></strong></span> <span class='ocrx_word' id='word_1_90' title='bbox 513 1481 603 1559; x_wconf 81' lang='grc' dir='ltr'><strong><em>ζῶσιν</em></strong></span> <span class='ocrx_word' id='word_1_91' title='bbox 630 1471 734 1568; x_wconf 79' lang='grc' dir='ltr'><strong><em>ἦσαν)</em></strong></span> <span class='ocrx_word' id='word_1_92' title='bbox 757 1485 978 1566; x_wconf 79' lang='grc' dir='ltr'><strong><em>προσαπαιτῶν</em></strong></span> <span class='ocrx_word' id='word_1_93' title='bbox 998 1475 1226 1565; x_wconf 78' lang='grc' dir='ltr'>Δημητριάδα,</span> <span class='ocrx_word' id='word_1_94' title='bbox 1244 1475 1299 1559; x_wconf 82' lang='grc' dir='ltr'>Ιἣν</span> <span class='ocrx_word' id='word_1_95' title='bbox 1309 1487 1345 1540; x_wconf 85' lang='grc'>10</span> 
     </span>
     <span class='ocr_line' id='line_1_12' title="bbox 195 1571 1397 1671; baseline -0.005 -22"><span class='ocrx_word' id='word_1_96' title='bbox 195 1578 328 1670; x_wconf 79' lang='grc' dir='ltr'><strong><em>φθάσας</em></strong></span> <span class='ocrx_word' id='word_1_97' title='bbox 347 1577 364 1647; x_wconf 83' lang='lat' dir='ltr'>d</span> <span class='ocrx_word' id='word_1_98' title='bbox 383 1579 666 1670; x_wconf 81' lang='grc' dir='ltr'><strong><em>νιραιτοβιστιάριος</em></strong></span> <span class='ocrx_word' id='word_1_99' title='bbox 689 1583 741 1647; x_wconf 85' lang='grc' dir='ltr'><strong><em>καλ</em></strong></span> <span class='ocrx_word' id='word_1_100' title='bbox 764 1583 900 1666; x_wconf 65' lang='grc' dir='ltr'><strong><em>κατέχων</em></strong></span> <span class='ocrx_word' id='word_1_101' title='bbox 915 1579 1105 1671; x_wconf 77' lang='grc' dir='ltr'><strong><em>ἀνῳκοδόμει</em></strong></span> <span class='ocrx_word' id='word_1_102' title='bbox 1113 1583 1167 1646; x_wconf 79' lang='grc' dir='ltr'><strong><em>καλ</em></strong></span> <span class='ocrx_word' id='word_1_103' title='bbox 1179 1585 1304 1663; x_wconf 73' lang='grc' dir='ltr'><strong><em>βασιλεῖ</em></strong></span> <span class='ocrx_word' id='word_1_104' title='bbox 1393 1571 1397 1590; x_wconf 63' lang='lat'>¹</span> 
     </span>
     <span class='ocr_line' id='line_1_13' title="bbox 91 1674 1299 1772; baseline -0.004 -21"><span class='ocrx_word' id='word_1_105' title='bbox 91 1705 113 1757; x_wconf 82' lang='grc' dir='ltr'><strong>Ρ</strong></span> <span class='ocrx_word' id='word_1_106' title='bbox 133 1704 183 1760; x_wconf 77' lang='grc'>196</span> <span class='ocrx_word' id='word_1_107' title='bbox 199 1688 337 1753; x_wconf 71' lang='grc' dir='ltr'><strong><em>καθίστα</em></strong></span> <span class='ocrx_word' id='word_1_108' title='bbox 356 1681 504 1768; x_wconf 82' lang='grc' dir='ltr'><strong><em>ύιιήκοον.</em></strong></span> <span class='ocrx_word' id='word_1_109' title='bbox 553 1674 595 1770; x_wconf 74' lang='grc' dir='ltr'>’ἧς</span> <span class='ocrx_word' id='word_1_110' title='bbox 614 1687 665 1750; x_wconf 80' lang='grc' dir='ltr'><strong><em>καὶ</em></strong></span> <span class='ocrx_word' id='word_1_111' title='bbox 691 1680 841 1772; x_wconf 79' lang='grc' dir='ltr'><strong><em>πρότερον</em></strong></span> <span class='ocrx_word' id='word_1_112' title='bbox 862 1685 1008 1768; x_wconf 77' lang='grc' dir='ltr'><strong><em>βασιλεύς</em></strong></span> <span class='ocrx_word' id='word_1_113' title='bbox 1030 1688 1177 1772; x_wconf 77' lang='grc' dir='ltr'><strong><em>καθυφλει</em></strong></span> <span class='ocrx_word' id='word_1_114' title='bbox 1195 1682 1299 1748; x_wconf 81' lang='grc' dir='ltr'><strong><em>διὰτὸ</em></strong></span> 
     </span>
     <span class='ocr_line' id='line_1_14' title="bbox 195 1785 1301 1876; baseline -0.004 -22"><span class='ocrx_word' id='word_1_115' title='bbox 195 1795 252 1873; x_wconf 77' lang='grc' dir='ltr'>τῆς</span> <span class='ocrx_word' id='word_1_116' title='bbox 274 1791 457 1875; x_wconf 82' lang='grc' dir='ltr'><strong><em>Θισφανοῦς</em></strong></span> <span class='ocrx_word' id='word_1_117' title='bbox 479 1787 557 1873; x_wconf 85' lang='grc' dir='ltr'><strong><em>πρδς</em></strong></span> <span class='ocrx_word' id='word_1_118' title='bbox 578 1785 715 1874; x_wconf 80' lang='grc' dir='ltr'><strong><em>θάτερον</em></strong></span> <span class='ocrx_word' id='word_1_119' title='bbox 734 1794 798 1854; x_wconf 83' lang='grc' dir='ltr'>τῶν</span> <span class='ocrx_word' id='word_1_120' title='bbox 817 1789 961 1876; x_wconf 80' lang='grc' dir='ltr'><strong><em>ἀδελφῶν</em></strong></span> <span class='ocrx_word' id='word_1_121' title='bbox 983 1791 1086 1874; x_wconf 81' lang='grc' dir='ltr'><strong><em>κῆδος.</em></strong></span> <span class='ocrx_word' id='word_1_122' title='bbox 1138 1787 1301 1853; x_wconf 69' lang='lat' dir='ltr'>desinendi</span> 
     </span>
     <span class='ocr_line' id='line_1_15' title="bbox 195 1884 1300 1980; baseline -0.002 -22"><span class='ocrx_word' id='word_1_123' title='bbox 195 1890 391 1967; x_wconf 70' lang='grc' dir='ltr'><strong><em>κωλυθέντος</em></strong></span> <span class='ocrx_word' id='word_1_124' title='bbox 412 1888 542 1980; x_wconf 83' lang='grc' dir='ltr'><strong><em>θανάτῳ</em></strong></span> <span class='ocrx_word' id='word_1_125' title='bbox 564 1898 621 1974; x_wconf 83' lang='grc' dir='ltr'>τῆς</span> <span class='ocrx_word' id='word_1_126' title='bbox 636 1886 762 1976; x_wconf 88' lang='grc' dir='ltr'><strong><em>νύμφης</em></strong></span> <span class='ocrx_word' id='word_1_127' title='bbox 774 1892 855 1957; x_wconf 84' lang='grc' dir='ltr'><strong><em>κατά</em></strong></span> <span class='ocrx_word' id='word_1_128' title='bbox 869 1893 927 1976; x_wconf 81' lang='grc' dir='ltr'>τὴν</span> <span class='ocrx_word' id='word_1_129' title='bbox 943 1893 1171 1977; x_wconf 82' lang='grc' dir='ltr'><strong><em>ΘεσσαλανΙκην</em></strong></span> <span class='ocrx_word' id='word_1_130' title='bbox 1180 1939 1190 1970; x_wconf 91' lang='grc'><strong><em>,</em></strong></span> <span class='ocrx_word' id='word_1_131' title='bbox 1217 1884 1300 1976; x_wconf 78' lang='grc' dir='ltr'><strong><em>ἀντῄ-</em></strong></span> 
     </span>
     <span class='ocr_line' id='line_1_16' title="bbox 193 1991 1362 2083; baseline -0.005 -22"><span class='ocrx_word' id='word_1_132' title='bbox 193 2020 238 2062; x_wconf 87' lang='grc' dir='ltr'>τιι</span> <span class='ocrx_word' id='word_1_133' title='bbox 259 1991 332 2060; x_wconf 80' lang='grc' dir='ltr'><strong><em>τότε</em></strong></span> <span class='ocrx_word' id='word_1_134' title='bbox 356 1993 483 2076; x_wconf 74' lang='grc' dir='ltr'><strong><em>αύμνιισν</em></strong></span> <span class='ocrx_word' id='word_1_135' title='bbox 503 1994 540 2060; x_wconf 82' lang='lat' dir='ltr'>sd</span> <span class='ocrx_word' id='word_1_136' title='bbox 560 1992 673 2060; x_wconf 77' lang='grc' dir='ltr'><strong><em>ἑαυτοῦ</em></strong></span> <span class='ocrx_word' id='word_1_137' title='bbox 694 1997 831 2060; x_wconf 70' lang='grc' dir='ltr'><strong><em>δίκαιον·</em></strong></span> <span class='ocrx_word' id='word_1_138' title='bbox 865 1991 1074 2082; x_wconf 79' lang='grc' dir='ltr'><strong><em>Δημητριάδα</em></strong></span> <span class='ocrx_word' id='word_1_139' title='bbox 1090 1994 1149 2083; x_wconf 79' lang='grc' dir='ltr'>γάρ</span> <span class='ocrx_word' id='word_1_140' title='bbox 1172 1996 1223 2058; x_wconf 78' lang='grc' dir='ltr'><strong><em>καὶ</em></strong></span> <span class='ocrx_word' id='word_1_141' title='bbox 1239 1991 1299 2079; x_wconf 76' lang='grc' dir='ltr'>πρὸ</span> <span class='ocrx_word' id='word_1_142' title='bbox 1309 2001 1343 2056; x_wconf 81' lang='lat'>15</span> <span class='ocrx_word' id='word_1_143' title='bbox 1360 2029 1362 2032; x_wconf 95' lang='lat'>·</span> 
     </span>
     <span class='ocr_line' id='line_1_17' title="bbox 192 2093 1299 2206; baseline -0.005 -41"><span class='ocrx_word' id='word_1_144' title='bbox 192 2103 248 2165; x_wconf 82' lang='grc' dir='ltr'>τοῦ</span> <span class='ocrx_word' id='word_1_145' title='bbox 268 2094 382 2164; x_wconf 76' lang='grc' dir='ltr'><strong><em>ἑαυτοῦ</em></strong></span> <span class='ocrx_word' id='word_1_146' title='bbox 403 2093 498 2178; x_wconf 70' lang='grc' dir='ltr'><strong><em>εἶναι,</em></strong></span> <span class='ocrx_word' id='word_1_147' title='bbox 532 2101 582 2163; x_wconf 85' lang='grc' dir='ltr'><strong><em>καλ</em></strong></span> <span class='ocrx_word' id='word_1_148' title='bbox 604 2093 675 2164; x_wconf 81' lang='grc' dir='ltr'><strong><em>τότε</em></strong></span> <span class='ocrx_word' id='word_1_149' title='bbox 698 2099 823 2176; x_wconf 77' lang='grc' dir='ltr'><strong><em>δικαλαις</em></strong></span> <span class='ocrx_word' id='word_1_150' title='bbox 839 2109 1070 2206; x_wconf 69' lang='grc' dir='ltr'><strong><em>προσασαιφΐν.</em></strong></span> <span class='ocrx_word' id='word_1_151' title='bbox 1124 2103 1222 2164; x_wconf 74' lang='grc' dir='ltr'><strong><em>ταῦτα</em></strong></span> <span class='ocrx_word' id='word_1_152' title='bbox 1241 2102 1299 2162; x_wconf 80' lang='grc' dir='ltr'>τοῦ</span> 
     </span>
     <span class='ocr_line' id='line_1_18' title="bbox 191 2191 1300 2289; baseline -0.003 -22"><span class='ocrx_word' id='word_1_153' title='bbox 191 2200 348 2284; x_wconf 73' lang='grc' dir='ltr'><strong><em>βασιλέως</em></strong></span> <span class='ocrx_word' id='word_1_154' title='bbox 364 2201 664 2288; x_wconf 73' lang='grc' dir='ltr'><strong><em>διαπρισβιυομίνου</em></strong></span> <span class='ocrx_word' id='word_1_155' title='bbox 679 2202 785 2268; x_wconf 72' lang='grc' dir='ltr'><strong><em>ἐκεῖναι</em></strong></span> <span class='ocrx_word' id='word_1_156' title='bbox 804 2202 881 2289; x_wconf 79' lang='grc' dir='ltr'><strong><em>πρὸς</em></strong></span> <span class='ocrx_word' id='word_1_157' title='bbox 897 2202 1007 2288; x_wconf 77' lang='grc' dir='ltr'><strong><em>τριβάς</em></strong></span> <span class='ocrx_word' id='word_1_158' title='bbox 1020 2191 1156 2285; x_wconf 73' lang='grc' dir='ltr'><strong><em>ἓχιύρουν</em></strong></span> <span class='ocrx_word' id='word_1_159' title='bbox 1169 2199 1209 2265; x_wconf 82' lang='grc' dir='ltr'>τά</span> <span class='ocrx_word' id='word_1_160' title='bbox 1222 2224 1300 2265; x_wconf 90' lang='grc' dir='ltr'><strong><em>συν-</em></strong></span> 
     </span>
     <span class='ocr_line' id='line_1_19' title="bbox 154 2301 1300 2390; baseline -0.001 -22"><span class='ocrx_word' id='word_1_161' title='bbox 154 2301 261 2389; x_wconf 82' lang='grc' dir='ltr'><strong><em>Βήθη</em></strong></span> <span class='ocrx_word' id='word_1_162' title='bbox 284 2309 444 2381; x_wconf 76' lang='grc' dir='ltr'><strong><em>ποιοῦντες</em></strong></span> <span class='ocrx_word' id='word_1_163' title='bbox 451 2352 462 2385; x_wconf 95' lang='grc'><strong><em>,</em></strong></span> <span class='ocrx_word' id='word_1_164' title='bbox 495 2301 557 2370; x_wconf 81' lang='lat' dir='ltr'>sind</span> <span class='ocrx_word' id='word_1_165' title='bbox 586 2305 655 2380; x_wconf 73' lang='grc' dir='ltr'><strong><em>δύας</em></strong></span> <span class='ocrx_word' id='word_1_166' title='bbox 673 2305 731 2388; x_wconf 71' lang='grc' dir='ltr'>μὲν</span> <span class='ocrx_word' id='word_1_167' title='bbox 753 2303 855 2386; x_wconf 77' lang='grc' dir='ltr'><strong><em>ὄντες,</em></strong></span> <span class='ocrx_word' id='word_1_168' title='bbox 885 2303 933 2371; x_wconf 82' lang='grc' dir='ltr'>ὅτι</span> <span class='ocrx_word' id='word_1_169' title='bbox 953 2303 1098 2385; x_wconf 80' lang='grc' dir='ltr'><strong><em>βασιλεύς</em></strong></span> <span class='ocrx_word' id='word_1_170' title='bbox 1117 2302 1300 2390; x_wconf 73' lang='grc' dir='ltr'><strong><em>ἐηηδςδφει-</em></strong></span> 
     </span>
     <span class='ocr_line' id='line_1_20' title="bbox 192 2401 1300 2492; baseline -0.003 -19"><span class='ocrx_word' id='word_1_171' title='bbox 192 2404 312 2492; x_wconf 70' lang='grc' dir='ltr'><strong><em>στήκει,</em></strong></span> <span class='ocrx_word' id='word_1_172' title='bbox 340 2403 426 2488; x_wconf 79' lang='grc' dir='ltr'><strong><em>ὅμως</em></strong></span> <span class='ocrx_word' id='word_1_173' title='bbox 446 2407 550 2473; x_wconf 75' lang='lat' dir='ltr'>sidonii</span> <span class='ocrx_word' id='word_1_174' title='bbox 573 2403 734 2490; x_wconf 71' lang='grc' dir='ltr'><strong><em>συνήθους</em></strong></span> <span class='ocrx_word' id='word_1_175' title='bbox 750 2407 965 2489; x_wconf 81' lang='grc' dir='ltr'><strong><em>ιλλωνιικισμοῦ</em></strong></span> <span class='ocrx_word' id='word_1_176' title='bbox 990 2403 1145 2474; x_wconf 66' lang='lat' dir='ltr'>addiscite</span> <span class='ocrx_word' id='word_1_177' title='bbox 1169 2401 1300 2489; x_wconf 80' lang='grc' dir='ltr'><strong><em>πάμπαν</em></strong></span> 
     </span>
     <span class='ocr_line' id='line_1_21' title="bbox 193 2504 1344 2597; baseline 0.002 -23"><span class='ocrx_word' id='word_1_178' title='bbox 193 2505 394 2574; x_wconf 74' lang='grc' dir='ltr'><strong><em>ἱνιιλάθυντο.</em></strong></span> <span class='ocrx_word' id='word_1_179' title='bbox 448 2515 550 2574; x_wconf 82' lang='grc' dir='ltr'><strong><em>ταῦτα</em></strong></span> <span class='ocrx_word' id='word_1_180' title='bbox 573 2510 608 2573; x_wconf 85' lang='grc' dir='ltr'>δ’</span> <span class='ocrx_word' id='word_1_181' title='bbox 636 2507 700 2595; x_wconf 76' lang='grc' dir='ltr'><strong><em>ἄρα</em></strong></span> <span class='ocrx_word' id='word_1_182' title='bbox 727 2507 875 2592; x_wconf 74' lang='grc' dir='ltr'><strong><em>ἓξαγιύνια</em></strong></span> <span class='ocrx_word' id='word_1_183' title='bbox 905 2504 985 2594; x_wconf 78' lang='grc' dir='ltr'><strong><em>ἦσαν</em></strong></span> <span class='ocrx_word' id='word_1_184' title='bbox 1006 2517 1052 2597; x_wconf 73' lang='grc' dir='ltr'>τῷ</span> <span class='ocrx_word' id='word_1_185' title='bbox 1078 2515 1214 2592; x_wconf 79' lang='grc' dir='ltr'><strong><em>βασιλιΐ,</em></strong></span> <span class='ocrx_word' id='word_1_186' title='bbox 1250 2507 1344 2576; x_wconf 71' lang='lat' dir='ltr'>doaso</span> 
     </span>
     <span class='ocr_line' id='line_1_22' title="bbox 194 2604 1297 2699; baseline 0.001 -22"><span class='ocrx_word' id='word_1_187' title='bbox 194 2610 272 2696; x_wconf 84' lang='grc' dir='ltr'><strong><em>μηδ’</em></strong></span> <span class='ocrx_word' id='word_1_188' title='bbox 296 2609 400 2674; x_wconf 73' lang='grc' dir='ltr'><strong><em>αὐτῶν</em></strong></span> <span class='ocrx_word' id='word_1_189' title='bbox 422 2607 592 2695; x_wconf 76' lang='grc' dir='ltr'><strong><em>δξεληλάκει</em></strong></span> <span class='ocrx_word' id='word_1_190' title='bbox 607 2608 700 2699; x_wconf 84' lang='grc' dir='ltr'><strong><em>χάριν</em></strong></span> <span class='ocrx_word' id='word_1_191' title='bbox 723 2612 799 2699; x_wconf 84' lang='grc' dir='ltr'><strong><em>πρὸς</em></strong></span> <span class='ocrx_word' id='word_1_192' title='bbox 820 2610 918 2680; x_wconf 88' lang='grc' dir='ltr'><strong><em>δύσιν.</em></strong></span> <span class='ocrx_word' id='word_1_193' title='bbox 971 2609 1128 2699; x_wconf 83' lang='grc' dir='ltr'><strong><em>προύργου</em></strong></span> <span class='ocrx_word' id='word_1_194' title='bbox 1150 2612 1185 2678; x_wconf 79' lang='grc' dir='ltr'>δ’</span> <span class='ocrx_word' id='word_1_195' title='bbox 1208 2604 1246 2696; x_wconf 83' lang='grc' dir='ltr'>ἦν</span> <span class='ocrx_word' id='word_1_196' title='bbox 1260 2613 1297 2679; x_wconf 77' lang='lat' dir='ltr'>sd</span> 
     </span>
    </p>
   </div>
   <div class='ocr_carea' id='block_1_4' title="bbox 176 2873 1299 3224">
    <p class='ocr_par' dir='ltr' id='par_1_4' title="bbox 176 2873 1299 3224">
     <span class='ocr_line' id='line_1_23' title="bbox 193 2873 1299 2949; baseline -0.001 -18"><span class='ocrx_word' id='word_1_197' title='bbox 193 2879 241 2932; x_wconf 91' lang='lat' dir='ltr'>bns</span> <span class='ocrx_word' id='word_1_198' title='bbox 259 2895 287 2930; x_wconf 91' lang='lat' dir='ltr'>se</span> <span class='ocrx_word' id='word_1_199' title='bbox 304 2875 419 2930; x_wconf 76' lang='lat' dir='ltr'>reddidit</span> <span class='ocrx_word' id='word_1_200' title='bbox 435 2873 556 2940; x_wconf 85' lang='lat' dir='ltr'>aedibus,</span> <span class='ocrx_word' id='word_1_201' title='bbox 582 2877 628 2930; x_wconf 88' lang='lat' dir='ltr'>aed</span> <span class='ocrx_word' id='word_1_202' title='bbox 650 2877 679 2931; x_wconf 90' lang='lat' dir='ltr'>in</span> <span class='ocrx_word' id='word_1_203' title='bbox 700 2877 854 2932; x_wconf 85' lang='lat' dir='ltr'>monasterio</span> <span class='ocrx_word' id='word_1_204' title='bbox 873 2877 1066 2932; x_wconf 85' lang='lat' dir='ltr'>Pammscsristi</span> <span class='ocrx_word' id='word_1_205' title='bbox 1089 2878 1197 2949; x_wconf 84' lang='lat' dir='ltr'>sumpsit</span> <span class='ocrx_word' id='word_1_206' title='bbox 1213 2877 1299 2947; x_wconf 86' lang='lat' dir='ltr'>bospi-</span> 
     </span>
     <span class='ocr_line' id='line_1_24' title="bbox 194 2945 1299 3018; baseline 0 -18"><span class='ocrx_word' id='word_1_207' title='bbox 194 2947 273 3012; x_wconf 78' lang='lat' dir='ltr'>tium3</span> <span class='ocrx_word' id='word_1_208' title='bbox 294 2947 338 3000; x_wconf 92' lang='lat' dir='ltr'>nbi</span> <span class='ocrx_word' id='word_1_209' title='bbox 361 2951 404 3000; x_wconf 86' lang='lat' dir='ltr'>snt</span> <span class='ocrx_word' id='word_1_210' title='bbox 429 2945 505 3014; x_wconf 84' lang='lat' dir='ltr'>longo</span> <span class='ocrx_word' id='word_1_211' title='bbox 526 2954 642 3016; x_wconf 84' lang='lat' dir='ltr'>tempore</span> <span class='ocrx_word' id='word_1_212' title='bbox 666 2947 767 3000; x_wconf 85' lang='lat' dir='ltr'>clausus</span> <span class='ocrx_word' id='word_1_213' title='bbox 789 2949 900 3002; x_wconf 72' lang='lat' dir='ltr'>emansit</span> <span class='ocrx_word' id='word_1_214' title='bbox 923 2950 957 3003; x_wconf 88' lang='lat' dir='ltr'>ab</span> <span class='ocrx_word' id='word_1_215' title='bbox 974 2950 1041 3003; x_wconf 86' lang='lat' dir='ltr'>omni</span> <span class='ocrx_word' id='word_1_216' title='bbox 1058 2947 1222 3018; x_wconf 83' lang='lat' dir='ltr'>patriarchali</span> <span class='ocrx_word' id='word_1_217' title='bbox 1239 2951 1299 3000; x_wconf 81' lang='lat' dir='ltr'>tun-</span> 
     </span>
     <span class='ocr_line' id='line_1_25' title="bbox 193 3015 1298 3087; baseline -0.001 -17"><span class='ocrx_word' id='word_1_218' title='bbox 193 3016 285 3084; x_wconf 69' lang='lat' dir='ltr'>aione,</span> <span class='ocrx_word' id='word_1_219' title='bbox 303 3015 387 3086; x_wconf 88' lang='lat' dir='ltr'>quoad</span> <span class='ocrx_word' id='word_1_220' title='bbox 404 3015 507 3068; x_wconf 86' lang='lat' dir='ltr'>tandem</span> <span class='ocrx_word' id='word_1_221' title='bbox 524 3021 629 3084; x_wconf 83' lang='lat' dir='ltr'>rogatus</span> <span class='ocrx_word' id='word_1_222' title='bbox 645 3033 661 3070; x_wconf 85' lang='lat' dir='ltr'>a</span> <span class='ocrx_word' id='word_1_223' title='bbox 678 3017 747 3070; x_wconf 87' lang='lat' dir='ltr'>ciero</span> <span class='ocrx_word' id='word_1_224' title='bbox 765 3023 792 3070; x_wconf 87' lang='lat' dir='ltr'>et</span> <span class='ocrx_word' id='word_1_225' title='bbox 808 3017 968 3072; x_wconf 68' lang='lat' dir='ltr'>antistitibus</span> <span class='ocrx_word' id='word_1_226' title='bbox 985 3019 1055 3070; x_wconf 86' lang='lat' dir='ltr'>sores</span> <span class='ocrx_word' id='word_1_227' title='bbox 1072 3016 1187 3087; x_wconf 84' lang='lat' dir='ltr'>aperuit,</span> <span class='ocrx_word' id='word_1_228' title='bbox 1204 3017 1298 3070; x_wconf 88' lang='lat' dir='ltr'>admit·</span> 
     </span>
     <span class='ocr_line' id='line_1_26' title="bbox 193 3084 1298 3155; baseline -0.001 -17"><span class='ocrx_word' id='word_1_229' title='bbox 193 3096 251 3138; x_wconf 79' lang='lat' dir='ltr'>tens</span> <span class='ocrx_word' id='word_1_230' title='bbox 277 3103 320 3138; x_wconf 89' lang='lat' dir='ltr'>eos</span> <span class='ocrx_word' id='word_1_231' title='bbox 343 3085 390 3155; x_wconf 89' lang='lat' dir='ltr'>qni</span> <span class='ocrx_word' id='word_1_232' title='bbox 413 3084 550 3138; x_wconf 84' lang='lat' dir='ltr'>convenire</span> <span class='ocrx_word' id='word_1_233' title='bbox 572 3102 602 3138; x_wconf 86' lang='lat' dir='ltr'>se</span> <span class='ocrx_word' id='word_1_234' title='bbox 617 3087 713 3139; x_wconf 80' lang='lat' dir='ltr'>velient</span> <span class='ocrx_word' id='word_1_235' title='bbox 731 3103 777 3140; x_wconf 90' lang='lat' dir='ltr'>seu</span> <span class='ocrx_word' id='word_1_236' title='bbox 794 3087 879 3140; x_wconf 86' lang='lat' dir='ltr'>iudicii</span> <span class='ocrx_word' id='word_1_237' title='bbox 897 3105 976 3140; x_wconf 85' lang='lat' dir='ltr'>causa</span> <span class='ocrx_word' id='word_1_238' title='bbox 992 3087 1047 3140; x_wconf 81' lang='lat' dir='ltr'>sive</span> <span class='ocrx_word' id='word_1_239' title='bbox 1063 3087 1176 3140; x_wconf 79' lang='lat' dir='ltr'>cuiusvis</span> <span class='ocrx_word' id='word_1_240' title='bbox 1192 3085 1298 3139; x_wconf 83' lang='lat' dir='ltr'>alterins</span> 
     </span>
     <span class='ocr_line' id='line_1_27' title="bbox 176 3154 745 3224; baseline 0 -16"><span class='ocrx_word' id='word_1_241' title='bbox 176 3154 365 3224; x_wconf 68' lang='lat' dir='ltr'>”patriarcham</span> <span class='ocrx_word' id='word_1_242' title='bbox 380 3154 497 3208; x_wconf 85' lang='lat' dir='ltr'>decentis</span> <span class='ocrx_word' id='word_1_243' title='bbox 513 3154 745 3209; x_wconf 73' lang='lat' dir='ltr'>administrationis.</span> 
     </span>
    </p>
   </div>
   <div class='ocr_carea' id='block_1_5' title="bbox 126 3239 1371 4436">
    <p class='ocr_par' dir='ltr' id='par_1_5' title="bbox 189 3239 1300 3950">
     <span class='ocr_line' id='line_1_28' title="bbox 260 3239 1298 3339; baseline -0.002 -27"><span class='ocrx_word' id='word_1_244' title='bbox 260 3259 287 3312; x_wconf 78' lang='grc'>3.</span> <span class='ocrx_word' id='word_1_245' title='bbox 320 3255 464 3325; x_wconf 80' lang='lat' dir='ltr'>inperator</span> <span class='ocrx_word' id='word_1_246' title='bbox 480 3258 680 3312; x_wconf 70' lang='lat' dir='ltr'>Thessalonicae</span> <span class='ocrx_word' id='word_1_247' title='bbox 702 3275 874 3323; x_wconf 85' lang='lat' dir='ltr'>commorans,</span> <span class='ocrx_word' id='word_1_248' title='bbox 897 3275 973 3327; x_wconf 88' lang='lat' dir='ltr'>quam</span> <span class='ocrx_word' id='word_1_249' title='bbox 999 3264 1053 3311; x_wconf 92' lang='lat' dir='ltr'>tum</span> <span class='ocrx_word' id='word_1_250' title='bbox 1077 3258 1184 3339; x_wconf 84' lang='lat' dir='ltr'>primum</span> <span class='ocrx_word' id='word_1_251' title='bbox 1208 3239 1298 3310; x_wconf 80' lang='lat' dir='ltr'>undem</span> 
     </span>
     <span class='ocr_line' id='line_1_29' title="bbox 192 3325 1298 3409; baseline -0.001 -30"><span class='ocrx_word' id='word_1_252' title='bbox 192 3325 305 3390; x_wconf 77' lang='lat' dir='ltr'>viderat,</span> <span class='ocrx_word' id='word_1_253' title='bbox 322 3325 393 3378; x_wconf 84' lang='lat' dir='ltr'>misit</span> <span class='ocrx_word' id='word_1_254' title='bbox 407 3325 453 3396; x_wconf 84' lang='lat' dir='ltr'>qui</span> <span class='ocrx_word' id='word_1_255' title='bbox 470 3343 487 3380; x_wconf 87' lang='lat' dir='ltr'>n</span> <span class='ocrx_word' id='word_1_256' title='bbox 503 3344 531 3380; x_wconf 88' lang='lat' dir='ltr'>sc</span> <span class='ocrx_word' id='word_1_257' title='bbox 548 3328 725 3381; x_wconf 83' lang='lat' dir='ltr'>consobrinam</span> <span class='ocrx_word' id='word_1_258' title='bbox 743 3333 841 3380; x_wconf 78' lang='lat' dir='ltr'>Annam</span> <span class='ocrx_word' id='word_1_259' title='bbox 859 3327 1016 3390; x_wconf 84' lang='lat' dir='ltr'>salutarent,</span> <span class='ocrx_word' id='word_1_260' title='bbox 1032 3327 1059 3379; x_wconf 89' lang='lat' dir='ltr'>id</span> <span class='ocrx_word' id='word_1_261' title='bbox 1076 3343 1159 3396; x_wconf 72' lang='lat' dir='ltr'>ipsum</span> <span class='ocrx_word' id='word_1_262' title='bbox 1174 3325 1219 3378; x_wconf 85' lang='lat' dir='ltr'>iiia</span> <span class='ocrx_word' id='word_1_263' title='bbox 1236 3343 1298 3409; x_wconf 79' lang='lat' dir='ltr'>pre·</span> 
     </span>
     <span class='ocr_line' id='line_1_30' title="bbox 192 3392 1297 3465; baseline -0.002 -15"><span class='ocrx_word' id='word_1_264' title='bbox 192 3403 262 3460; x_wconf 78' lang='lat' dir='ltr'>esta,</span> <span class='ocrx_word' id='word_1_265' title='bbox 279 3401 307 3447; x_wconf 86' lang='lat' dir='ltr'>et</span> <span class='ocrx_word' id='word_1_266' title='bbox 323 3392 417 3464; x_wconf 89' lang='lat' dir='ltr'>quibus</span> <span class='ocrx_word' id='word_1_267' title='bbox 433 3395 518 3465; x_wconf 89' lang='lat' dir='ltr'>potnit</span> <span class='ocrx_word' id='word_1_268' title='bbox 534 3395 627 3450; x_wconf 78' lang='lat' dir='ltr'>officiis</span> <span class='ocrx_word' id='word_1_269' title='bbox 645 3397 784 3465; x_wconf 85' lang='lat' dir='ltr'>promereri</span> <span class='ocrx_word' id='word_1_270' title='bbox 800 3405 936 3464; x_wconf 82' lang='lat' dir='ltr'>satagente</span> <span class='ocrx_word' id='word_1_271' title='bbox 955 3397 1066 3463; x_wconf 77' lang='lat' dir='ltr'>Augusti</span> <span class='ocrx_word' id='word_1_272' title='bbox 1085 3395 1297 3448; x_wconf 70' lang='lat' dir='ltr'>benevolentium.</span> 
     </span>
     <span class='ocr_line' id='line_1_31' title="bbox 191 3463 1296 3533; baseline -0.002 -15"><span class='ocrx_word' id='word_1_273' title='bbox 191 3465 262 3518; x_wconf 88' lang='lat' dir='ltr'>misit</span> <span class='ocrx_word' id='word_1_274' title='bbox 284 3463 362 3517; x_wconf 84' lang='lat' dir='ltr'>etiam</span> <span class='ocrx_word' id='word_1_275' title='bbox 385 3464 419 3517; x_wconf 85' lang='lat' dir='ltr'>ad</span> <span class='ocrx_word' id='word_1_276' title='bbox 440 3466 659 3519; x_wconf 83' lang='lat' dir='ltr'>sebastoorntoras</span> <span class='ocrx_word' id='word_1_277' title='bbox 682 3465 721 3533; x_wconf 85' lang='lat' dir='ltr'>(ni</span> <span class='ocrx_word' id='word_1_278' title='bbox 742 3466 808 3519; x_wconf 89' lang='lat' dir='ltr'>enim</span> <span class='ocrx_word' id='word_1_279' title='bbox 827 3466 911 3518; x_wconf 83' lang='lat' dir='ltr'>adbuc</span> <span class='ocrx_word' id='word_1_280' title='bbox 931 3464 1043 3518; x_wconf 76' lang='lat' dir='ltr'>invisis</span> <span class='ocrx_word' id='word_1_281' title='bbox 1065 3467 1152 3533; x_wconf 83' lang='lat' dir='ltr'>erant)</span> <span class='ocrx_word' id='word_1_282' title='bbox 1175 3473 1296 3533; x_wconf 88' lang='lat' dir='ltr'>repetens</span> 
     </span>
     <span class='ocr_line' id='line_1_32' title="bbox 190 3532 1298 3604; baseline -0.003 -16"><span class='ocrx_word' id='word_1_283' title='bbox 190 3533 397 3599; x_wconf 68' lang='lat' dir='ltr'>Demetriadem</span> <span class='ocrx_word' id='word_1_284' title='bbox 419 3550 494 3602; x_wconf 87' lang='lat' dir='ltr'>quarn</span> <span class='ocrx_word' id='word_1_285' title='bbox 512 3533 640 3588; x_wconf 84' lang='lat' dir='ltr'>civitatem</span> <span class='ocrx_word' id='word_1_286' title='bbox 657 3543 735 3589; x_wconf 83' lang='lat' dir='ltr'>antea</span> <span class='ocrx_word' id='word_1_287' title='bbox 750 3534 1127 3604; x_wconf 80' lang='lat' dir='ltr'>protovestiariusoccupatam</span> <span class='ocrx_word' id='word_1_288' title='bbox 1145 3532 1298 3586; x_wconf 84' lang='lat' dir='ltr'>reaedifica·</span> 
     </span>
     <span class='ocr_line' id='line_1_33' title="bbox 189 3601 1298 3673; baseline -0.004 -16"><span class='ocrx_word' id='word_1_289' title='bbox 189 3610 265 3658; x_wconf 81' lang='lat' dir='ltr'>verat</span> <span class='ocrx_word' id='word_1_290' title='bbox 280 3609 308 3655; x_wconf 88' lang='lat' dir='ltr'>et</span> <span class='ocrx_word' id='word_1_291' title='bbox 327 3601 416 3655; x_wconf 89' lang='lat' dir='ltr'>ditioni</span> <span class='ocrx_word' id='word_1_292' title='bbox 432 3601 594 3669; x_wconf 87' lang='lat' dir='ltr'>imperatoris</span> <span class='ocrx_word' id='word_1_293' title='bbox 610 3613 771 3668; x_wconf 58' lang='lat' dir='ltr'>merueram</span> <span class='ocrx_word' id='word_1_294' title='bbox 789 3604 834 3658; x_wconf 88' lang='lat' dir='ltr'>sed</span> <span class='ocrx_word' id='word_1_295' title='bbox 851 3605 899 3657; x_wconf 87' lang='lat' dir='ltr'>hac</span> <span class='ocrx_word' id='word_1_296' title='bbox 912 3606 989 3673; x_wconf 84' lang='lat' dir='ltr'>paulo</span> <span class='ocrx_word' id='word_1_297' title='bbox 1007 3609 1068 3656; x_wconf 86' lang='lat' dir='ltr'>ante</span> <span class='ocrx_word' id='word_1_298' title='bbox 1083 3604 1223 3673; x_wconf 82' lang='lat' dir='ltr'>inperator</span> <span class='ocrx_word' id='word_1_299' title='bbox 1239 3618 1298 3653; x_wconf 79' lang='lat' dir='ltr'>ces·</span> 
     </span>
     <span class='ocr_line' id='line_1_34' title="bbox 189 3670 1297 3744; baseline -0.005 -17"><span class='ocrx_word' id='word_1_300' title='bbox 189 3679 262 3727; x_wconf 83' lang='lat' dir='ltr'>serat</span> <span class='ocrx_word' id='word_1_301' title='bbox 278 3671 304 3723; x_wconf 90' lang='lat' dir='ltr'>iu</span> <span class='ocrx_word' id='word_1_302' title='bbox 320 3670 431 3739; x_wconf 78' lang='lat' dir='ltr'>gratiam</span> <span class='ocrx_word' id='word_1_303' title='bbox 447 3672 621 3744; x_wconf 78' lang='lat' dir='ltr'>Theopbenus</span> <span class='ocrx_word' id='word_1_304' title='bbox 636 3690 716 3726; x_wconf 85' lang='lat' dir='ltr'>nurus</span> <span class='ocrx_word' id='word_1_305' title='bbox 739 3691 802 3726; x_wconf 86' lang='lat' dir='ltr'>suae</span> <span class='ocrx_word' id='word_1_306' title='bbox 818 3672 928 3734; x_wconf 86' lang='lat' dir='ltr'>sororis,</span> <span class='ocrx_word' id='word_1_307' title='bbox 945 3673 1004 3726; x_wconf 87' lang='lat' dir='ltr'>dnm</span> <span class='ocrx_word' id='word_1_308' title='bbox 1022 3671 1096 3725; x_wconf 87' lang='lat' dir='ltr'>buius</span> <span class='ocrx_word' id='word_1_309' title='bbox 1113 3670 1297 3725; x_wconf 76' lang='lat' dir='ltr'>matrimonium</span> 
     </span>
     <span class='ocr_line' id='line_1_35' title="bbox 189 3741 1298 3810; baseline -0.005 -14"><span class='ocrx_word' id='word_1_310' title='bbox 189 3760 247 3796; x_wconf 87' lang='lat' dir='ltr'>cnm</span> <span class='ocrx_word' id='word_1_311' title='bbox 264 3741 346 3794; x_wconf 86' lang='lat' dir='ltr'>attero</span> <span class='ocrx_word' id='word_1_312' title='bbox 363 3741 595 3796; x_wconf 83' lang='lat' dir='ltr'>sebastocratornm</span> <span class='ocrx_word' id='word_1_313' title='bbox 612 3749 778 3797; x_wconf 70' lang='lat' dir='ltr'>tractaretur.</span> <span class='ocrx_word' id='word_1_314' title='bbox 812 3759 900 3796; x_wconf 84' lang='lat' dir='ltr'>uerum</span> <span class='ocrx_word' id='word_1_315' title='bbox 918 3742 971 3794; x_wconf 88' lang='lat' dir='ltr'>isto</span> <span class='ocrx_word' id='word_1_316' title='bbox 988 3741 1105 3810; x_wconf 81' lang='lat' dir='ltr'>coningio</span> <span class='ocrx_word' id='word_1_317' title='bbox 1121 3748 1203 3794; x_wconf 88' lang='lat' dir='ltr'>morte</span> <span class='ocrx_word' id='word_1_318' title='bbox 1220 3755 1298 3809; x_wconf 85' lang='lat' dir='ltr'>prae-</span> 
     </span>
     <span class='ocr_line' id='line_1_36' title="bbox 191 3807 1298 3880; baseline -0.005 -14"><span class='ocrx_word' id='word_1_319' title='bbox 191 3817 293 3866; x_wconf 86' lang='lat' dir='ltr'>matura</span> <span class='ocrx_word' id='word_1_320' title='bbox 309 3825 435 3880; x_wconf 84' lang='lat' dir='ltr'>sponsae,</span> <span class='ocrx_word' id='word_1_321' title='bbox 461 3815 529 3880; x_wconf 88' lang='lat' dir='ltr'>quae</span> <span class='ocrx_word' id='word_1_322' title='bbox 545 3811 746 3867; x_wconf 77' lang='lat' dir='ltr'>Thessalonicae</span> <span class='ocrx_word' id='word_1_323' title='bbox 761 3817 822 3866; x_wconf 84' lang='lat' dir='ltr'>unte</span> <span class='ocrx_word' id='word_1_324' title='bbox 837 3811 941 3879; x_wconf 81' lang='lat' dir='ltr'>nuptias</span> <span class='ocrx_word' id='word_1_325' title='bbox 957 3811 1025 3864; x_wconf 87' lang='lat' dir='ltr'>diem</span> <span class='ocrx_word' id='word_1_326' title='bbox 1042 3811 1121 3875; x_wconf 91' lang='lat' dir='ltr'>obiit,</span> <span class='ocrx_word' id='word_1_327' title='bbox 1145 3807 1298 3878; x_wconf 83' lang='lat' dir='ltr'>interceptu,</span> 
     </span>
     <span class='ocr_line' id='line_1_37' title="bbox 190 3877 1300 3950; baseline -0.004 -16"><span class='ocrx_word' id='word_1_328' title='bbox 190 3880 318 3934; x_wconf 85' lang='lat' dir='ltr'>redditam</span> <span class='ocrx_word' id='word_1_329' title='bbox 335 3878 382 3932; x_wconf 86' lang='lat' dir='ltr'>teti</span> <span class='ocrx_word' id='word_1_330' title='bbox 400 3895 460 3932; x_wconf 87' lang='lat' dir='ltr'>casu</span> <span class='ocrx_word' id='word_1_331' title='bbox 476 3879 528 3932; x_wconf 87' lang='lat' dir='ltr'>iuri</span> <span class='ocrx_word' id='word_1_332' title='bbox 544 3897 590 3934; x_wconf 91' lang='lat' dir='ltr'>sno</span> <span class='ocrx_word' id='word_1_333' title='bbox 608 3880 688 3950; x_wconf 82' lang='lat' dir='ltr'>priori</span> <span class='ocrx_word' id='word_1_334' title='bbox 705 3882 792 3934; x_wconf 87' lang='lat' dir='ltr'>urbem</span> <span class='ocrx_word' id='word_1_335' title='bbox 809 3879 884 3932; x_wconf 89' lang='lat' dir='ltr'>istam</span> <span class='ocrx_word' id='word_1_336' title='bbox 900 3880 1038 3949; x_wconf 87' lang='lat' dir='ltr'>imperator</span> <span class='ocrx_word' id='word_1_337' title='bbox 1056 3881 1216 3949; x_wconf 72' lang='lat' dir='ltr'>reposcebat,</span> <span class='ocrx_word' id='word_1_338' title='bbox 1236 3877 1300 3930; x_wconf 83' lang='lat' dir='ltr'>usis-</span> 
     </span>
    </p>

    <p class='ocr_par' dir='ltr' id='par_1_6' title="bbox 126 3946 1371 4436">
     <span class='ocr_line' id='line_1_38' title="bbox 126 3946 1304 4019; baseline -0.003 -17"><span class='ocrx_word' id='word_1_339' title='bbox 126 4003 130 4012; x_wconf 68' lang='lat'><em>,</em></span> <span class='ocrx_word' id='word_1_340' title='bbox 190 3949 225 4002; x_wconf 83' lang='lat' dir='ltr'>sis</span> <span class='ocrx_word' id='word_1_341' title='bbox 243 3947 289 4019; x_wconf 87' lang='lat' dir='ltr'>qni</span> <span class='ocrx_word' id='word_1_342' title='bbox 305 3946 332 4000; x_wconf 91' lang='lat' dir='ltr'>id</span> <span class='ocrx_word' id='word_1_343' title='bbox 349 3953 472 4016; x_wconf 80' lang='lat' dir='ltr'>urgerent</span> <span class='ocrx_word' id='word_1_344' title='bbox 487 3949 589 4016; x_wconf 82' lang='lat' dir='ltr'>tegatis.</span> <span class='ocrx_word' id='word_1_345' title='bbox 623 3950 669 4002; x_wconf 85' lang='lat' dir='ltr'>ssd</span> <span class='ocrx_word' id='word_1_346' title='bbox 693 3965 749 4002; x_wconf 86' lang='lat' dir='ltr'>eam</span> <span class='ocrx_word' id='word_1_347' title='bbox 773 3950 993 4002; x_wconf 83' lang='lat' dir='ltr'>sabastocratcres</span> <span class='ocrx_word' id='word_1_348' title='bbox 1017 3948 1068 4002; x_wconf 84' lang='lat' dir='ltr'>sibi</span> <span class='ocrx_word' id='word_1_349' title='bbox 1092 3948 1176 4002; x_wconf 83' lang='lat' dir='ltr'>solitis</span> <span class='ocrx_word' id='word_1_350' title='bbox 1198 3947 1304 4000; x_wconf 83' lang='lat' dir='ltr'>artibus</span> 
     </span>
     <span class='ocr_line' id='line_1_39' title="bbox 189 4015 1299 4089; baseline -0.003 -19"><span class='ocrx_word' id='word_1_351' title='bbox 189 4019 339 4087; x_wconf 74' lang='lat' dir='ltr'>petitionem</span> <span class='ocrx_word' id='word_1_352' title='bbox 356 4016 502 4083; x_wconf 83' lang='lat' dir='ltr'>eludebant,</span> <span class='ocrx_word' id='word_1_353' title='bbox 519 4035 569 4071; x_wconf 88' lang='lat' dir='ltr'>non</span> <span class='ocrx_word' id='word_1_354' title='bbox 586 4018 704 4088; x_wconf 88' lang='lat' dir='ltr'>praecise</span> <span class='ocrx_word' id='word_1_355' title='bbox 724 4026 847 4086; x_wconf 83' lang='lat' dir='ltr'>negantes</span> <span class='ocrx_word' id='word_1_356' title='bbox 864 4019 1027 4084; x_wconf 80' lang='lat' dir='ltr'>(metuebant</span> <span class='ocrx_word' id='word_1_357' title='bbox 1044 4019 1140 4089; x_wconf 84' lang='lat' dir='ltr'>quippe</span> <span class='ocrx_word' id='word_1_358' title='bbox 1156 4015 1208 4070; x_wconf 83' lang='lat' dir='ltr'>vim</span> <span class='ocrx_word' id='word_1_359' title='bbox 1225 4033 1242 4068; x_wconf 88' lang='lat' dir='ltr'>a</span> <span class='ocrx_word' id='word_1_360' title='bbox 1258 4015 1299 4068; x_wconf 80' lang='lat' dir='ltr'>vi·</span> 
     </span>
     <span class='ocr_line' id='line_1_40' title="bbox 190 4084 1298 4157; baseline -0.002 -19"><span class='ocrx_word' id='word_1_361' title='bbox 190 4088 249 4140; x_wconf 79' lang='lat' dir='ltr'>cina</span> <span class='ocrx_word' id='word_1_362' title='bbox 265 4087 426 4157; x_wconf 82' lang='lat' dir='ltr'>inperatoris</span> <span class='ocrx_word' id='word_1_363' title='bbox 444 4086 591 4157; x_wconf 81' lang='lat' dir='ltr'>potentia),</span> <span class='ocrx_word' id='word_1_364' title='bbox 607 4085 652 4138; x_wconf 86' lang='lat' dir='ltr'>sed</span> <span class='ocrx_word' id='word_1_365' title='bbox 670 4085 923 4154; x_wconf 81' lang='lat' dir='ltr'>tergiversationibus</span> <span class='ocrx_word' id='word_1_366' title='bbox 943 4087 1102 4142; x_wconf 85' lang='lat' dir='ltr'>innectentes</span> <span class='ocrx_word' id='word_1_367' title='bbox 1119 4103 1211 4150; x_wconf 85' lang='lat' dir='ltr'>moras,</span> <span class='ocrx_word' id='word_1_368' title='bbox 1229 4084 1298 4137; x_wconf 84' lang='lat' dir='ltr'>band</span> 
     </span>
     <span class='ocr_line' id='line_1_41' title="bbox 190 4153 1300 4280; baseline -0.001 -4"><span class='ocrx_word' id='word_1_369' title='bbox 190 4154 294 4276; x_wconf 58' lang='lat' dir='ltr'>:istit</span> <span class='ocrx_word' id='word_1_370' title='bbox 310 4153 1255 4280; x_wconf 53' lang='lat' dir='ltr'>ittffltd”tttsiffntbiittsntmtitiam</span> <span class='ocrx_word' id='word_1_371' title='bbox 1273 4154 1300 4276; x_wconf 60' lang='grc' dir='ltr'><strong><em>λ</em></strong></span> 
     </span>
     <span class='ocr_line' id='line_1_42' title="bbox 195 4241 1371 4436; baseline 0.003 -22.997"><span class='ocrx_word' id='word_1_372' title='bbox 195 4361 468 4417; x_wconf 59' lang='lat' dir='ltr'>n.</span> <span class='ocrx_word' id='word_1_373' title='bbox 489 4241 1299 4436; x_wconf 60' lang='lat' dir='ltr'>uun</span> <span class='ocrx_word' id='word_1_374' title='bbox 1370 4289 1371 4304; x_wconf 15' lang='grc' dir='ltr'><strong><em>ι</em></strong></span> 
     </span>
    </p>

    <p class='ocr_par' dir='ltr' id='par_1_7' title="bbox 878 4399 1300 4431">
     <span class='ocr_line' id='line_1_43' title="bbox 878 4399 1300 4431; baseline -0.009 0"><span class='ocrx_word' id='word_1_375' title='bbox 878 4402 888 4431; x_wconf 68' lang='lat' dir='ltr'>i</span> <span class='ocrx_word' id='word_1_376' title='bbox 1290 4399 1300 4427; x_wconf 73' lang='grc'><strong><em>9</em></strong></span> 
     </span>
    </p>
   </div>
   <div class='ocr_carea' id='block_1_6' title="bbox 0 15 1444 4868">
    <p class='ocr_par' dir='ltr' id='par_1_8' title="bbox 0 15 1444 4868">
     <span class='ocr_line' id='line_1_44' title="bbox 0 15 1444 4868; baseline 0 0"><span class='ocrx_word' id='word_1_377' title='bbox 0 15 1444 4868; x_wconf 95' lang='lat' dir='ltr'> </span> 
     </span>
    </p>
   </div>
  </div>
 </body>
</html>
