2782 4792
384 305 541 380 ΗΜ
576 299 877 378 'GdebiiIdM'
1112 305 1190 394 671

81 469 424 557 ιρίοιῐοιᾶἱςιιίῐικω·,
443 481 654 555 preetmqnanr
670 471 811 536 indicant·
822 491 899 554 quae
917 473 993 535 etiae
1008 470 1114 534 notavi
1125 463 1194 534 Ob-

78 559 303 636 'manantur
315 559 379 622 vol.
395 559 411 619 1
426 579 458 642 p.
472 563 552 634 688,
562 560 651 620 etiam
666 559 796 620 adatruit
807 559 916 620 Codini
927 560 1011 622 locut
1024 559 1062 620 de
1075 557 1193 620 offietia

82 651 144 710 c.1
167 645 202 704 iri
223 653 309 706 aaata
322 645 468 717 Pentade‚
489 645 542 707 ubi
560 663 651 726 agene
666 644 705 704 da
723 644 963 706 ordinationibus
981 645 1192 728 epiaceporum

81 729 217 792 eulitiae
231 729 406 812 patriarcba
421 730 565 792 celebrari
583 727 636 812 (id
650 732 731 791 enim
744 729 883 790 indicant
902 731 952 790 itta
966 730 1031 792 eiua
1043 729 1134 790 verba
1148 729 1194 806 ede

79 811 137 890 adn
151 816 347 898 χειροτονίας,
363 815 544 897 explicantia
560 816 636 896 quid
650 815 767 897 primur
776 826 813 878 et
823 815 972 876 amandun
987 815 1103 876 cetiarii
1115 835 1194 898 pro÷

77 901 144 984 prii
158 901 214 960 eibi
229 900 356 1004 quiepue
369 893 527 962 miniateaii
537 911 657 980 gereret
671 901 704 960 iu
718 921 753 963 ea
768 902 956 980 ceremonia)
974 900 1020 962 aie
1034 899 1155 962 scribite
1177 898 1195 966 d

80 989 204 1069 ’πρῶτος
220 980 375 1071 detinerer
396 991 516 1069 κρατῶν
533 982 590 1061 ede
602 979 705 1070 θύρας
717 1028 730 1048 .
743 1029 752 1047 .
766 1027 799 1048 ..
823 984 842 1052 d
856 981 998 1068 δεύτερος
1015 989 1138 1068 κρατῶν
1154 980 1192 1050 ed

81 1066 461 1154 povedtittduioreptimua
471 1070 617 1132 videlicet
630 1071 771 1132 ortiariua
783 1071 906 1134 interim
921 1070 993 1133 dum
1009 1069 1193 1152 patriarcba

81 1166 137 1218 aut
149 1156 203 1216 alii
213 1157 276 1218 eiua
291 1175 434 1222 conceeae
447 1156 596 1238 epiacupi,
616 1175 731 1218 novum
748 1157 925 1239 epiecopum
937 1157 1018 1218 iutra
1036 1156 1193 1238 preabyte·
1212 1193 1213 1204 κ

81 1242 162 1304 aium
175 1241 241 1302 eive
252 1243 339 1323 βῆμα
355 1252 583 1319 munerarent,
605 1245 685 1304 soree
698 1242 797 1304 aoleee
808 1262 900 1303 manu
914 1243 1053 1320 tenebat,
1075 1250 1111 1302 ut
1127 1251 1194 1302 ata·-

79 1328 139 1388 tim
161 1345 212 1388 eae
230 1327 377 1409 panderet
392 1337 484 1408 atque
504 1329 638 1408 perfecta
660 1329 744 1388 intua
761 1327 858 1388 nolitia
874 1327 984 1389 ritibua
1002 1324 1194 1407 inauguratio

83 1412 201 1475 tainu.
242 1421 317 1474 tuuc
331 1413 410 1474 enirn
427 1413 556 1494 produci
576 1431 675 1472 novna
691 1413 814 1474 antiatea
824 1421 858 1474 et
872 1413 990 1474 ortandi
1005 1413 1120 1494 populo
1134 1413 1193 1472 de-
1289 1457 1294 1484 ,

82 1496 180 1558 behet.
223 1499 382 1578 quieuere
400 1499 521 1580 prodire
535 1497 564 1558 ie
572 1499 688 1559 bemate
701 1497 828 1559 debebat
843 1497 1132 1580 praeuiasslampade
1151 1495 1193 1557 ed

82 1581 162 1643 lanne
171 1581 219 1642 illi
231 1585 458 1664 praeferendam
471 1583 619 1644 amundus
632 1582 773 1646 oetieriua
788 1583 942 1646 accinatur
952 1585 1060 1661 nubat,
1071 1585 1193 1666 κρατῶν

79 1664 115 1732 τό
131 1661 351 1750 μονάμπουλυν
363 1669 412 1730 vel
425 1669 530 1730 utalia
546 1678 592 1729 eat
604 1669 705 1746 lectio,
723 1665 759 1734 ro*
773 1665 1020 1752 μονοβᾶμβυλον,
1037 1687 1130 1730 manu
1143 1677 1189 1730 te·
1207 1665 1231 1722 P
1246 1663 1296 1723 4⁷¹

78 1769 158 1814 nene
174 1763 323 1834 gestamen
339 1755 388 1816 cui
402 1763 467 1816 eret
481 1754 593 1814 ineam
605 1755 722 1836 lampae
735 1771 806 1816 una.
848 1773 919 1816 nam
934 1749 1153 1838 portiunculae
1165 1771 1191 1834 a

80 1833 160 1920 μόνη
170 1835 340 1918 deauvile.
383 1840 457 1920 quid
472 1840 625 1900 ait-auteur
641 1837 800 1922 dpnooiiu
812 1839 924 1901 doeent
939 1839 1021 1902 terii
1034 1839 1126 1902 verbu
1137 1837 1192 1900 ille
1239 1913 1240 1916 Ἴ

78 1925 102 1985 l.
119 1931 158 1992 7:
187 1919 508 2006 dpnouiiuvdrnene
529 1919 767 2003 miricordiam
786 1927 959 2007 ampullam
981 1927 1111 1984 vitream
1136 1923 1193 1983 ubi

79 2009 241 2089 repleveris
257 2011 332 2071 oleo.
374 2020 504 2088 actergo
522 2005 682 2090 d'pnoetin
695 2013 835 2090 lampae,
856 2020 886 2071 et
905 2004 1124 2094 puedpeootoe
1141 2009 1193 2068 in-

79 2089 293 2156 etrumenturn‘
304 2096 448 2178 portatile
474 2095 524 2156 cui
545 2104 621 2156 eeeet
645 2115 706 2156 una
725 2095 841 2177 lampae
864 2096 970 2160 indita.
1012 2114 1119 2157 vuum
1138 2092 1193 2152 ubi

81 2179 258 2262 patriarcba
287 2180 638 2260 Conatnntinopolitanua
667 2181 920 2260 inaugurabatur,
954 2178 1030 2240 aetia
1056 2179 1193 2260 prndena

81 2265 183 2344 quinia
198 2265 341 2345 intelligit
354 2265 464 2345 aliquid
479 2266 524 2326 itti
544 2265 699 2346 praecipui
715 2265 839 2327 honoria
853 2285 944 2346 aupra
963 2264 1120 2346 epiecopoe
1134 2261 1193 2323 ba-

80 2349 145 2411 beri
160 2350 308 2412 debuieaa.
350 2351 494 2411 nimirum
511 2350 586 2412 huic
603 2351 766 2432 prodeunti
776 2351 822 2413 ad
836 2351 983 2434 papulum
999 2369 1061 2410 non
1075 2344 1196 2432 poenite·-

78 2440 198 2500 arouioa
216 2430 519 2518 aut-povoddpdoioa
532 2435 765 2518 praeferebatur,
787 2438 840 2498 aed
855 2437 938 2516 quod
952 2445 1058 2497 neater
1070 2435 1122 2496 hio
1136 2433 1193 2496 do-

81 2531 132 2581 cet
145 2530 253 2582 auctor
267 2516 485 2605 daddpdouiov.
527 2521 566 2583 de
578 2522 638 2582 boo
651 2523 801 2584 vocabulo
815 2523 888 2603 quid
902 2539 959 2582 noa
971 2521 1079 2582 doceat
1093 2519 1194 2582 codi-

79 2625 149 2682 nue‚
170 2607 333 2668 videamur.
374 2608 402 2667 ia
416 2607 495 2668 libro
511 2607 549 2667 da
562 2607 678 2668 Officiia
692 2628 721 2669 c.
739 2613 779 2674 10
793 2607 831 2668 de
841 2608 949 2683 sentia,
971 2607 1043 2667 dum
1059 2607 1194 2688 explicet

80 2691 236 2772 quomodo
250 2713 361 2773 pompa
375 2694 576 2755 inatrueretur
586 2714 643 2774 que
654 2693 820 2774 imperator
833 2694 871 2754 ad
883 2692 1095 2754 celebrandum
1106 2691 1194 2752 Chri·

79 2777 126 2838 ati·
134 2777 235 2838 natale
247 2777 352 2838 venire
367 2778 546 2858 admittique
558 2779 592 2838 in
607 2778 763 2839 eccleciam
777 2778 901 2847 nolebat,
925 2777 968 2838 ait
981 2787 1119 2858 paratum
1135 2775 1194 2835 ad-

79 2862 194 2923 atitieae
219 2861 457 2944 -lnmpederium
479 2883 548 2924 eum
568 2861 746 2923 dibumbulo
766 2885 861 2924 aureo
884 2864 917 2924 in
941 2883 1048 2927 mnne.
1098 2859 1192 2922 rerba

79 2957 154 3008 aunt
164 2948 286 3008 Codinir
308 2943 516 3031 tuperatione
527 2954 647 3032 κρατῶν
660 2945 696 3014 ed
710 2953 843 3032 χρυσοῦν
856 2943 1075 3030 διβᾶμβουλσν.
1117 2944 1195 3026 quid

79 3033 124 3092 ite
138 3053 221 3108 vero,
237 3033 294 3092 niai
309 3035 378 3114 quia
390 3034 471 3095 bunc
485 3034 601 3114 praeire
613 3033 771 3116 oportebat
783 3053 960 3116 prooeaauro
974 3052 1030 3114 per
1043 3033 1192 3113 templum
1224 3065 1241 3110 f

79 3118 240 3196 Augeato'i
263 3121 381 3198 quadan
397 3129 433 3180 ut
446 3121 588 3200 vidimus,
603 3115 857 3202 μονοβᾶμβονλον
870 3128 1021 3198 geatamen
1036 3127 1100 3178 erat
1113 3118 1193 3177 lam-

79 3205 189 3286 padem
205 3204 323 3264 unicam
338 3205 481 3266 insertam
495 3205 629 3284 habene,
648 3204 726 3286 quid
739 3214 833 3265 reatat
851 3205 909 3265 niai
930 3214 964 3264 ut
983 3199 1193 3286 διβᾶμβουλον
1250 3245 1252 3250 -

78 3289 284 3368 intelligamur
306 3301 360 3351 aut
378 3292 534 3350 lucernam
554 3291 645 3351 suinae
667 3289 852 3370 ὐίζγοΙιηεηι,
876 3289 971 3372 qualia
985 3289 1122 3352 meminit
1136 3289 1194 3348 Pe-

78 3375 203 3435 troniua
216 3374 248 3434 in
264 3393 363 3456 nuper
377 3375 641 3451 editodragmento
655 3375 862 3455 Tragurienai,
885 3385 939 3436 aut
957 3376 1194 3436 inatruurentum

79 3457 165 3519 aliud
187 3459 313 3520 bifidum
333 3461 367 3520 in
382 3461 500 3524 duobua
520 3460 681 3522 hincinde
702 3461 851 3542 proteneia
868 3462 959 3524 remia
973 3460 1104 3540 geminae
1118 3458 1195 3517 leur-

78 3543 174 3627 padea
183 3547 327 3606 ardenter
340 3545 462 3606 habena.
505 3566 577 3606 aene
590 3547 847 3628 opportunieaime
859 3547 897 3607 ad
918 3544 999 3606 bane
1009 3565 1072 3606 reru
1087 3543 1194 3603 admo-

78 3639 134 3690 net
146 3630 286 3690 ·Balaetno
308 3631 502 3712 imperatori,
525 3633 653 3712 quando
669 3633 703 3692 in
722 3631 962 3694 aolemnitatibue
982 3627 1140 3691 accedebat
1153 3626 1220 3714 ed¹

79 3714 255 3793 eccleciam,
265 3755 267 3760 ·
278 3716 435 3798 duplicem,
446 3717 615 3798 lampadem
631 3717 777 3798 praeferri
793 3716 1002 3792 consuerim05
1025 3714 1196 3784 ministrum

79 3817 202 3880 qnoque
216 3810 393 3880 geatatorem
405 3802 470 3863 eiua
485 3803 616 3883 duplicia
630 3803 776 3884 lampadio
792 3799 1027 3883 &empadarium
1046 3807 1202 3860 vocatum.

78 3884 175 3964 igitur
198 3886 284 3966 quod.
297 3888 411 3948 dodino
435 3887 651 3949 dibembulum
667 3909 805 3950 aureum*
818 3888 947 3964 dicitur,
969 3906 1024 3946 vae
1044 3892 1090 3944 eet
1108 3885 1195 3944 iuxta

77 3969 289 4038 Bahamonem
311 3973 426 4052 gemine
447 3974 587 4054 lampade
603 3974 729 4054 inaigne.
774 3992 868 4054 quara
881 3972 929 4032 bia
945 3969 1117 4031 auctoribua
1131 3987 1196 4028 non
1221 3961 1225 3970 ’

78 4073 154 4116 eene
166 4055 231 4118 ¹iana
251 4059 416 4120 reformido
432 4059 501 4120 salai
517 4060 614 4120 dicam
632 4051 799 4140 impingere
814 4057 920 4117 Latino
934 4054 1121 4133 Phrantaae,
1145 4052 1196 4114 dt-

79 4140 229 4204 bemdulu
244 4161 301 4223 per
313 4147 432 4204 aeriam
453 4145 625 4227 exponenti.
668 4145 784 4207 utinam
800 4143 888 4223 copia
907 4140 1091 4223 inapiciendi
1107 4138 1197 4200 dare-

77 4233 132 4286 ter
154 4227 311 4309 arebatypi
332 4239 508 4293 contextae
547 4229 679 4312 quaeaivi
704 4229 758 4290 diu
783 4237 814 4288 et
829 4225 966 4304 adicite,
993 4226 1048 4292 aed
1068 4226 1193 4287 frustra.

76 4311 201 4374 eeufido
210 4323 316 4376 men
330 4316 366 4376 iu
381 4315 494 4380 Graeca
502 4359 512 4396 ,
533 4318 561 4379 ai
572 4314 800 4399 uapiamextet,
821 4313 959 4375 ereum
972 4311 1091 4378 naum
1101 4331 1194 4398 pror-
