2774 4784
477 287 555 357 ιιιι.
575 285 617 359 ιι
665 287 819 356 norae„
879 299 882 310 ¹
1118 289 1194 363 tre

94 459 130 520 ie
141 455 277 540 psus-se
289 453 352 516 lilio
363 455 499 524 exiet‘m
519 461 583 517 nou
603 435 767 518 einereeos
778 427 916 522 diuidua
928 455 1081 538 principia
1098 458 1195 540 Spiri-

94 555 147 608 tua
162 541 275 603 Sancti.
318 543 441 602 eandem
465 545 584 623 quoque¹
604 543 690 602 istam
711 541 857 602 unitatem
874 541 1047 622 spirationis
1069 544 1195 624 activae,

94 629 129 688 in
141 633 233 710 'patre
244 628 316 690 licet
329 627 454 710 filioque
464 627 616 689 distinctis
627 626 792 704 existentia
805 625 867 688 'illa
877 626 1043 708 respiciunt
1055 649 1132 708 qnae
1144 650 1197 690 re-

95 716 196 776 tertur
215 735 237 773 a
252 719 358 774 nostro'
378 713 524 775 historico
542 713 655 774 dixisse
671 734 703 795 p.
713 717 763 780 *82
774 711 831 772 sub
843 711 953 790 finem,
968 713 1083 794 'siquis
1098 715 1197 778 inesco

94 799 287 860 contunderit
306 799 522 881 praepositioni
541 795 592 864 daei
603 820 659 879 per
673 799 826 860 notionem
841 815 962 876 musae,
984 819 1054 860 eum
1067 799 1134 860 iure
1148 811 1198 862 te-

96 885 241 946 meritatis
262 883 474 946 securandum.
514 885 585 947 vult
596 885 698 962 euim,
721 884 842 964 quaudo
857 893 958 964 patrea
972 885 1079 946 Graeci
1093 885 1202 948 dicunt

95 970 300 1052 &Spiritum
321 981 447 1050 epatre
472 966 523 1034 ded
544 969 618 1034 otoo
637 991 695 1050 per
709 971 820 1050 filium
842 969 1024 1050 procedere,¹
1052 991 1122 1032 oum
1147 972 1201 1032 illa

96 1055 322 1138 praepositione
339 1050 395 1120 daci
409 1075 474 1136 per·
483 1055 620 1116 indicent
639 1055 942 1118 communicationem
957 1064 1073 1136 epatre
1088 1059 1201 1120 faotsut

96 1141 164 1202 lilio
179 1139 352 1220 spirationis
364 1143 480 1203 activae
495 1141 586 1202 unius
598 1141 800 1222 eiusdemque,
822 1141 944 1216 omnino
959 1141 1124 1220 negandam
1138 1163 1203 1202 esse

97 1224 353 1306 praepositionem
373 1226 458 1288 illam
484 1222 536 1290 dsc‘
556 1248 611 1308 per
632 1226 877 1288 iudicare'ullam
899 1227 1046 1290 rationem
1058 1227 1203 1307 principii

98 1306 204 1374 Se'ucti
224 1311 372 1391 Spiritus,
394 1331 469 1392 quae
489 1309 553 1372 filio
570 1313 741 1392 competet,
763 1311 906 1372 distincta
926 1312 963 1373 ab
984 1332 1017 1372 ea
1036 1311 1204 1392 quaeinest

99 1395 182 1478 patri
195 1415 344 1476 quemque
356 1396 402 1457 illi
416 1407 504 1479 pater
515 1397 729 1459 communicat.
771 1396 819 1457 his
829 1397 871 1457 ita
882 1398 913 1458 in
926 1397 1101 1460 universum
1115 1417 1204 1477 prae-

98 1481 226 1552 structis
244 1481 285 1540 ad
303 1482 501 1544 amoliendam
520 1505 538 1543 a
556 1483 655 1545 Vecco
676 1482 876 1564 suspicionem
897 1503 1016 1544 omnem
1034 1482 1202 1562 huneco,

100 1566 245 1646 quaedam
259 1566 317 1626 alis
329 1568 403 1629 iu‘c.
417 1574 438 1634 9
452 1578 569 1631 restant
581 1569 758 1649 explicanda
774 1568 871 1630 uobis.
1003 1575 1007 1584 “
1095 1591 1097 1596 ’
1179 1595 1186 1608 ⁸

132 1747 134 1756 .
184 1705 217 1766 P·
231 1689 273 1752 30
288 1705 319 1750 r.
336 1691 366 1753 1.
409 1683 467 1767 τὴν
490 1684 524 1751 δὲ
544 1683 799 1767 νοτασιιουνῖννῆς
813 1679 994 1770 προτάσεως.
1034 1685 1202 1766 respiciunt
1234 1761 1236 1764 Ι

99 1767 174 1830 baec
193 1771 296 1830 locum
318 1771 513 1852 Hermogenis
530 1773 551 1833 l.
570 1777 584 1836 1
607 1772 645 1832 de
663 1771 841 1832 Inventione
848 1815 859 1849 ,
883 1770 937 1830 ubi
956 1767 1125 1852 νονοισιιενή
1148 1771 1203 1850 τῆς

98 1849 274 1938 προτάσεως
286 1853 399 1918 dicitur
413 1857 512 1938 ulcio,
534 1877 632 1916 cauea
650 1857 713 1918 sive
726 1855 804 1918 ratio
817 1876 874 1918 cur
887 1857 1060 1917 enuntietur
1071 1865 1102 1916 et
1115 1855 1203 1916 affir-

100 1950 202 2002 metur
217 1941 339 2021 aliquid.
382 1951 428 2003 est
447 1943 527 2022 enim
543 1938 689 2024 πρότασις
699 1943 889 2022 propositio,
911 1942 1095 2017 enuntiatio,
1118 1941 1204 2001 affir-
1261 1959 1262 1964 ¹

99 2025 215 2103 matio;
238 2047 315 2108 quaa
329 2048 398 2088 oum
412 2025 524 2090 hab'ere
539 2026 767 2089 fundamentum
781 2025 904 2108 aliquod
915 2023 1037 2104 debeat,
1054 2025 1134 2088 illud
1147 2047 1204 2089 νιο-

99 2103 229 2194 semmei
244 2111 366 2178 dicitur.
408 2165 410 2170 .
539 2175 544 2184 ,

187 2249 218 2296 r.
238 2235 269 2298 8.
314 2229 532 2318 παρρρημένην
554 2230 720 2312 opponitur
741 2231 784 2316 τῷ
800 2225 953 2310 κειμένην.
990 2223 1118 2309 ’κειμένη
1136 2245 1205 2286 cum

101 2314 143 2376 sit
160 2315 329 2398 propositio
344 2335 504 2396 expreaaa,
525 2317 623 2392 clere,
640 2314 874 2394 intelligibiliter
890 2323 922 2375 et
935 2311 1010 2374 citra
1023 2315 1208 2394 interprete-

101 2401 218 2461 tionem
232 2402 301 2462 visu
316 2403 416 2484 primo
434 2402 660 2481 egnoscibiliter
678 2403 777 2482 posita
799 2397 889 2478 (nam
904 2395 939 2462 νδ
953 2399 1093 2480 κείμενον
1105 2406 1208 2458 textus

102 2483 218 2546 dicitur
237 2487 414 2565 glossemata
435 2481 638 2568 excludent),
666 2485 802 2567 coquitur
824 2505 841 2545 e
860 2485 978 2546 ratione
1005 2482 1149 2560 contrarii
1173 2492 1209 2543 ut

101 2571 303 2658 παρῃρημένοι
321 2571 361 2632 sit
381 2571 505 2653 oblique
524 2571 691 2648 insinuata,
712 2572 841 2632 latenter
853 2569 1038 2632 adumbrata.
1079 2588 1137 2629 uec
1151 2588 1211 2650 pe-

101 2655 187 2718 nitus
205 2656 238 2716 id
257 2656 400 2718 abhorret
420 2677 438 2717 a
459 2657 583 2734 notione
604 2657 715 2717 usitata
736 2660 792 2722 rosi
809 2662 1042 2738 παραιρεῖσθαι,
1065 2675 1141 2734 quae
1164 2661 1229 2712 σοιἱ

102 2741 253 2820 adimere,
275 2742 438 2818 suffurari,
460 2745 597 2820 auferre,
617 2742 758 2823 publicae
779 2740 920 2802 videlicet
944 2739 1110 2820 cognitioni
1133 2738 1209 2798 sub-

102 2825 242 2901 trahere,
265 2825 326 2888 boc
347 2837 394 2890 eet
412 2827 595 2890 abscondere
608 2847 664 2889 nec
677 2828 736 2888 nisi
752 2847 809 2908 per
826 2827 960 2905 ambages
976 2836 1007 2886 et
1020 2823 1209 2884 coniecturae

102 2911 255 2988 indicere,
280 2923 334 2973 aut
359 2913 449 2973 etiam
471 2914 592 2995 penitus
610 2913 728 2974 tollore.
771 2911 852 2972 unde
877 2909 1089 2971 disiunctivam
1110 2907 1210 2988 posui,

105 3007 165 3058 out
186 3000 333 3058 omissum
355 3010 415 3058 aut
433 2999 554 3080 obliqua
574 3001 776 3074 irs-sinuatum¹
789 2997 1010 3076 interpretans,
1031 3015 1071 3072 na
1087 3013 1147 3074 qua
1161 3012 1209 3052 me

104 3079 203 3161 lugiet
220 3087 296 3158 νοῦς
310 3088 466 3150 σκοτεινοῦ
484 3081 679 3167 συγγραφέως
692 3086 841 3144 οιιιιιιισὶο
857 3081 1017 3162 lucifugae
1031 3080 1209 3160 scriptoria:

106 3185 172 3226 eam
201 3168 297 3247 enim,
325 3188 365 3232 ue
387 3169 607 3250 aliquovorsum
629 3168 781 3247 elabatur,
807 3166 905 3248 sepire
925 3167 1057 3247 nudique
1078 3165 1209 3227 cousul-
1259 3167 1268 3198 ‘

104 3261 242 3318 tumeat.

191 3371 222 3413 v.
246 3357 296 3420 20.
337 3353 469 3415 inducit
485 3353 647 3416 historicus
672 3353 802 3414 Veocum
827 3363 1004 3434 pingentem
1025 3369 1127 3414 aerea
1151 3369 1208 3410 au·

106 3435 242 3518 spinione
261 3439 406 3520 culpandi
422 3441 553 3504 Graecos
576 3449 629 3500 aut
650 3439 773 3502 favendi
794 3439 914 3500 Letinia
955 3439 989 3500 iu
1003 3458 1064 3518 quo
1078 3435 1106 3496 ei
1118 3433 1208 3494 ellin-

107 3525 152 3603 git
166 3523 295 3602 aliquid,
317 3545 355 3584 ex
370 3545 424 3585 auo
439 3526 566 3586 sortasse
581 3545 683 3601 sensu,
706 3523 853 3585 eiusmodi
867 3523 950 3604 quod
963 3543 1025 3584 non
1039 3522 1115 3580 citra
1130 3519 1209 3579 iniu.

108 3609 185 3669 mant
211 3609 386 3670 Latinorum
406 3611 467 3688 ait,
484 3613 538 3690 qui
560 3621 590 3670 et
607 3611 640 3672 in
655 3611 837 3670 urentium
849 3608 961 3691 prioris
974 3607 1062 3668 iatius
1079 3625 1211 3665 concor·

108 3695 176 3754 diae
195 3715 271 3774 quae
296 3704 436 3777 tempore,
451 3696 605 3756 Michaelis
628 3696 794 3776 Pelaeologi
813 3697 847 3755 in
867 3693 997 3754 coneilio
1019 3689 1212 3768 Lugduueuai
1304 3769 1306 3775 s

108 3779 238 3857 coaluit,
261 3789 292 3840 et
311 3780 343 3840 in
364 3791 511 3862 apparatu
526 3781 674 3842 secundae
686 3781 718 3842 in
733 3779 863 3846 concilio
877 3778 1052 3856 Florentino
1067 3775 1213 3850 firmatae,

43 3909 48 3934 ,
109 3883 228 3944 semper
242 3865 443 3927 defenderunt
456 3887 489 3927 ae
505 3867 584 3928 iuste
598 3888 636 3927 ac
649 3867 715 3927 aine
730 3867 821 3947 culpa
835 3866 961 3926 verbum
970 3863 1215 3958 filioqusuoyur-

109 3947 182 4009 boto
198 3947 329 4012 Nicaeno
343 3952 426 4012 dicto
439 3952 605 4031 addidisse,
629 3973 699 4012 cum
713 3962 814 4012 temen
831 3949 882 4010 hic
897 3949 1014 4008 Veccus
1034 3955 1167 4025 ριινισοο
1180 3963 1214 4008 ιιι

23 4129 26 4132 Ι
110 4052 146 4178 po
158 4053 309 4182 ρορορεριρ
320 4036 408 4181 illps,
430 4039 516 4186 quplei
539 4039 641 4138 ultro·
664 4037 868 4182 οοονροίἱριοο,
888 4033 1076 4182 prpfitpatdun
1106 4029 1213 4180 δνὲσιῑζσ
1229 4037 1252 4093 P
1269 4035 1321 4092 520

132 4139 249 4182 ssoncr
296 4143 327 4190 ,e
375 4143 455 4184 ecco
490 4131 596 4188 ictum
663 4133 762 4184 uenus
821 4141 856 4182 ec
875 4137 932 4182 sue
955 4143 980 4180 :s
1003 4141 1016 4182 ε
1037 4141 1073 4180 seo
1156 4139 1215 4178 αν-

109 4210 165 4278 θις
184 4236 228 4252 -
249 4205 374 4272 esiodus
386 4205 420 4272 ed
434 4207 581 4291 μέγιστον.
625 4229 662 4268 σοι
677 4217 714 4269 ιιι
726 4208 861 4282 Veocus',
882 4207 909 4265 si
922 4141 1100 4284 l’acbymeii
1120 4199 1217 4266 credi.-

33 4267 52 4308 ⁰
111 4307 194 4366 mus,
207 4283 305 4356 etim
323 4292 457 4374 iuratus,
478 4292 606 4354 nimium
625 4293 697 4358 edne
717 4293 899 4370 liberaliter,
920 4301 1032 4353 utnon
1047 4287 1147 4368 dicam
1161 4287 1218 4348 in-
