2774 4784
181 254 258 332 714·
483 251 723 324 oasunvar.
742 223 988 322 'recuruum

179 425 262 488 viam
274 421 399 488 liberam
410 440 531 484 servare
543 421 587 482 acl
604 427 769 502 remmom
781 421 923 494 taedeat,
945 441 1021 501 opua
1033 419 1127 484 fuer-it
1139 420 1238 482 eolida
1252 419 1293 482 il-

179 513 244 573 lum
267 511 346 569 mole
365 519 556 569 consternere
577 527 667 588 quam
684 505 915 592 norroyiuvquu
932 508 1032 586 potina
1045 527 1136 586 quam
1153 505 1294 592 γέφυραν

179 593 330 681 (quaerit
351 602 614 674 extemporaneam
640 594 805 674 quidpiam)
825 596 927 656 vocari
943 593 1001 670 ait,
1022 593 1166 654 inchoare
1184 603 1218 653 ot
1235 613 1293 674 ap-

173 690 314 764 paratum
332 679 430 760 operis
448 689 489 739 et¹
500 697 575 761 opua
589 681 687 761 iprum
707 700 725 738 a
745 680 917 761 ripaquam
938 679 1100 760 imperator
1114 699 1185 739 cum
1201 698 1292 740 exer-

49 833 54 854 ·
174 768 238 827 citu
256 765 388 842 obtinet,
411 774 590 827 nouantem
612 764 651 825 ab
666 766 803 828 adversa.
845 785 902 825 uec
915 783 1037 826 morere
1050 784 1223 843 quenquam
1236 763 1294 822 de-

174 853 226 914 bet
243 851 388 912 adveraue
406 849 582 930 boec'quod
597 854 691 932 ponti
704 871 815 913 nomeu
836 851 913 912 male
926 849 1114 925 fluminrbua,
1136 869 1214 929 quae
1228 850 1292 909 oola

174 939 239 1000 fere
265 945 373 1016 pontes
396 937 572 1017 patiuntur,
600 939 762 998 convenire
789 935 938 1006 videatur.
985 956 1055 996 nam
1080 945 1293 1016 praeterquam

175 1023 260 1103 quod
279 1030 350 1082 aunt
370 1022 491 1100 quidam
508 1022 610 1099 fluvii,
630 1031 668 1084 ut
690 1022 728 1082 do
747 1022 839 1084 modo
856 1030 1021 1082 memorato
1038 1021 1164 1102 Saugari
1177 1021 1293 1100 Proep-

179 1110 248 1190 piua
265 1106 416 1186 loquitur,
437 1101 637 1188 eriperaipavor
654 1101 799 1193 θαλάσσῃ
820 1107 889 1182 ico,
911 1106 1080 1168 latitudine
1096 1109 1243 1186 aequorei
1258 1126 1294 1166 ac

178 1203 275 1275 ponto
293 1193 422 1272 aimilea,
438 1195 526 1253 etiam
548 1213 586 1253 ex
607 1193 718 1272 origine
735 1193 773 1254 ab
792 1193 930 1254 omnibua
949 1193 1115 1272 quibusque
1137 1190 1295 1252 latioribua

119 1281 121 1286 '
179 1277 369 1358 designandis
387 1297 449 1339 non
465 1279 589 1340 videtur
605 1277 768 1340 abhorrere
785 1273 900 1345 πόντον
915 1279 1113 1355 vocabulum,
1135 1278 1293 1359 siquidem,

179 1374 217 1425 ut
229 1363 403 1425 Euatatbiua
417 1364 560 1425 admouet
577 1364 616 1424 ad
631 1365 715 1426 iliad.
730 1366 764 1442 δ,
785 1360 898 1441 norror
908 1363 1022 1452 liparea
1037 1362 1079 1439 ὥς
1092 1357 1144 1428 οἷά
1159 1387 1206 1440 τις
1218 1355 1294 1427 arvo

179 1473 248 1526 roc,
269 1449 304 1514 ἐκ
324 1453 380 1513 τοῦ
400 1446 783 1531 παταπνεῐσθαηᾶνέμοις.
825 1471 844 1510 a
865 1449 959 1512 verbo
981 1447 1063 1514 notor
1078 1452 1162 1530 epiro
1183 1446 1294 1510 deduci

180 1529 294 1600 niano
314 1555 423 1594 nomen
442 1525 501 1612 ai't,
523 1535 605 1614 quod
624 1555 716 1616 eupra
729 1555 842 1615 aequor
858 1556 932 1597 aura
947 1536 1050 1616 spiret.
1091 1535 1124 1594 id
1144 1543 1247 1600 autem
1263 1541 1294 1592 et

180 1620 273 1702 paulo
293 1619 444 1700 amplioris
465 1621 543 1680 alvei
562 1621 699 1683 amnibus
720 1621 881 1682 convenire
900 1621 1049 1700 quianon
1068 1619 1174 1680 vidot'l
1199 1637 1295 1698 quere

180 1725 245 1768 non
259 1707 471 1785 repugnaverit
482 1707 574 1784 etymi
588 1708 667 1768 ratio
680 1727 730 1768 eoa
747 1725 865 1786 quoquo
879 1707 964 1788 ponti
975 1706 1173 1787 appellatione
1188 1724 1295 1784 arper-

180 1791 227 1871 gi,
240 1809 301 1868 quo
317 1790 383 1852 iure
395 1811 484 1852 auum
496 1792 680 1874 Garumnam
696 1793 847 1854 Auaoniue
860 1793 894 1854 iu
907 1793 1029 1854 Moralla
1039 1812 1225 1872 aequoreum
1238 1811 1294 1870 ap-

180 1876 283 1958 pellat.
333 1884 422 1956 atque
449 1877 529 1938 banc
548 1875 778 1963 norroyrpripop
800 1880 953 1939 notionem
979 1880 1067 1957 longo
1092 1877 1294 1955 antiquiorem

180 1961 319 2024 Mauricii
333 1971 364 2021 et
377 1961 568 2043 Pacbymeria
585 1973 684 2025 aetate
701 1985 764 2026 uon
780 1964 857 2025 male
873 1965 1000 2026 foraitau
1012 1963 1080 2042 quia
1091 1963 1294 2024 autumaverit

180 2066 221 2108 e1
238 2049 441 2126 antiquissimo
462 2049 543 2130 apud
557 2050 678 2112 Latinos
700 2071 758 2111 unu
776 2050 860 2110 vocia
873 2071 957 2130 pona
977 2070 1035 2136 pro
1054 2047 1193 2131 γέφυρας
1217 2067 1294 2128 quoe

179 2152 245 2196 vox
262 2133 366 2196 ‘videri
387 2145 490 2215 potest
513 2155 551 2195 ex
573 2135 787 2219 ποντογέφυρα
809 2134 948 2196 deducta.
984 2135 1072 2195 'baec
1092 2153 1169 2214 quae
1186 2134 1294 2196 tiurida

179 2219 348 2300 auapicione
369 2221 501 2301 protuli,
522 2221 682 2282 audentiua
701 2222 912 2302 amplecterer,
934 2221 959 2281 ai
977 2219 1071 2300 (quod
1093 2239 1149 2280 nec
1166 2220 1294 2300 contigit

179 2325 237 2366 uec
248 2306 350 2385 spero)
370 2317 479 2367 nectua
492 2325 584 2368 eaeem
598 2308 706 2368 idonea
721 2307 892 2368 testimonie
910 2315 1069 2368 auctorum
1082 2307 1216 2366 Graecae
1233 2305 1294 2364 lin-

178 2409 255 2472 guae
271 2400 427 2468 veterum,
449 2411 488 2452 ex
504 2394 614 2472 quibua
635 2402 790 2454 constaret
808 2393 870 2452 iam
890 2401 974 2469 tum,
996 2401 1157 2470 antequam
1167 2391 1293 2452 Latium

178 2496 277 2536 aermo
292 2495 309 2535 e
320 2477 441 2538 Graecia
452 2489 528 2539 earet
540 2479 703 2559 originibus
716 2479 893 2559 productua,
914 2472 1145 2560 ποντογεφόρας
1155 2477 1292 2538 vocabu-

176 2561 243 2622 lum
255 2562 288 2622 in
301 2582 358 2623 uau
373 2563 513 2624 Graeciae
526 2565 631 2642 fuiaae,
652 2575 689 2626 ut
703 2583 742 2624 ex
754 2583 790 2624 eo
806 2563 899 2626 ducta
911 2563 1075 2624 exiatimari
1089 2571 1189 2644 poaaet
1200 2572 1292 2624 vetu-

177 2646 305 2707 etiaaima
318 2647 351 2708 in
366 2649 451 2710 Latio
463 2669 527 2712 vox
540 2653 656 2731 pontia.
697 2651 819 2710 interim
838 2650 931 2730 igitur
945 2649 1117 2730 vulgaribua
1131 2647 1292 2708 inhaerent

177 2733 353 2812 veriloquiia
367 2736 588 2796 autumantium
603 2758 683 2816 pom
701 2735 815 2796 dictum
825 2736 909 2815 quari
923 2756 1001 2815 pene
1015 2735 1194 2814 compendio
1206 2733 1291 2794 verbi

172 2817 324 2898 pandone,
345 2821 427 2900 quod
448 2823 546 2902 spatio
566 2823 674 2882 aubtua
687 2841 784 2882 vacuo
798 2840 927 2902 auparue
948 2821 1131 2901 impendeat,
1153 2819 1292 2880 existimo

163 2925 290 2992 'vocem
298 2905 511 2990 ποντογὲφνρα
522 2909 643 2968 Graecis
655 2917 776 2968 tantum
789 2909 856 2968 aevi
868 2907 1013 2968 citerioria
1024 2915 1211 2986 uaurpatam,
1223 2905 1292 2984 qui-

178 2989 237 3050 bua
252 2987 382 3052 aolemne
398 2994 457 3053 fuit
476 2994 618 3074 pleraque
629 2994 749 3054 tritiora
766 3013 825 3053 uau
836 2994 965 3054 Romani
979 2993 1056 3052 Latii
1068 2991 1217 3052 vocabula
1231 2991 1292 3051 auia

178 3076 348 3155 exprimere
361 3077 467 3156 literis,
487 3080 698 3160 auiptionibua
712 3079 852 3140 ineerere.
895 3079 978 3140 cuiue
991 3077 1217 3144 conruetudinia
1230 3095 1292 3136 nou

178 3181 276 3244 pauca
288 3163 321 3222 iu
332 3162 391 3223 hoc
408 3165 474 3245 ipao
488 3166 633 3246 scriptore
644 3175 749 3224 noatro
759 3165 895 3244 exempla
907 3164 1046 3241 vidimata,
1065 3162 1212 3241 loquendi
1224 3182 1291 3221 mo-

178 3267 255 3322 rem,
277 3249 330 3326 qui
340 3258 414 3310 tunc
431 3260 505 3327 erat,
525 3247 773 3332 repraesentante,
795 3259 830 3310 ut
840 3259 886 3311 tot
900 3249 973 3310 alica
989 3250 1136 3324 omittam,
1159 3267 1291 3328 quorum

178 3333 327 3395 vocabula
340 3335 427 3395 iatiua
441 3337 556 3416 generis
575 3346 623 3398 tot
642 3347 716 3397 aunt
734 3335 838 3396 lexicis
850 3335 1101 3396 Graecobarbaria
1115 3334 1290 3394 Gloaaariia-

178 3438 239 3498 que
251 3421 407 3484 recensita.
448 3425 550 3500 itaqua
562 3422 791 3505 ποντογέφυραν
803 3430 834 3482 et
839 3421 1007 3482 ‘Mauritiua
1024 3428 1130 3482 auctor
1144 3420 1291 3498 Strategi-

177 3525 285 3565 corum
306 3515 336 3566 et
360 3517 465 3569 noster
484 3509 539 3568 hic
561 3529 600 3568 ex
623 3528 682 3569 uau
706 3508 851 3569 aermonia
874 3517 959 3586 tuuc
966 3505 1121 3588 popularia
1145 3505 1290 3581 dixerint,

176 3592 274 3650 mixta
288 3595 437 3653 mentione
449 3598 565 3674 pontia,
579 3596 701 3654 Latinae
714 3597 804 3669 nocie,
820 3613 888 3654 cum
901 3594 1023 3671 antiqua
1036 3593 1151 3652 Graeca
1162 3587 1290 3673 γέφυρα,

177 3686 215 3736 ut
233 3677 347 3738 facilius
367 3679 582 3758 intelligeretur
597 3681 670 3762 quid
686 3680 897 3760 exprimerent¹
906 3700 925 3737 a
936 3679 1027 3758 vulgo
1036 3678 1105 3738 iam
1117 3677 1244 3756 bilingui
1256 3697 1291 3735 ac

176 3763 273 3822 multa
287 3765 431 3826 mixtione
446 3766 589 3826 italorum
606 3775 724 3844 aaeueto
736 3760 864 3845 patriam
879 3765 1033 3844 antiquam
1045 3764 1178 3843 linguam
1189 3764 1291 3823 iuuet*

176 3849 217 3908 tir
230 3849 383 3929 variegare
396 3852 508 3912 Latinis
521 3851 670 3914 vocibus„
698 3851 737 3912 ad
750 3861 919 3912 extremum
928 3849 980 3911 bic
991 3869 1142 3930 opponam
1156 3869 1196 3909 ex
1205 3849 1291 3908 Livio

176 3937 323 4012 quaedam
341 3956 359 3995 a
374 3935 487 3998 lectore
501 3959 563 3998 nou
577 3937 725 3998 inutiliter
739 3936 919 3998 conferenda
933 3937 970 3996 iia
986 3955 1063 4015 quae
1076 3936 1115 3995 de
1131 3935 1191 3995 ritu
1204 3935 1290 3996 loco-

175 4041 245 4080 rum
265 4023 410 4098 istorum,
436 4035 546 4086 natura
562 4025 696 4103 Sangarii
713 4023 809 4084 amnia
830 4032 864 4083 et
879 4020 1054 4082 necessitate
1072 4019 1248 4100 imponepdi
1262 4021 1291 4079 ei

175 4107 278 4184 pontia
293 4118 395 4168 uoater
407 4108 475 4185 boc,
493 4130 583 4187 quem
597 4111 782 4170 illustratum
796 4109 949 4185 hictum,
970 4107 1039 4168 loco
1051 4108 1157 4168 scribit
1166 4106 1217 4172 lib.
1234 4109 1255 4170 8
1269 4105 1291 4169 4

176 4189 312 4268 decadis,
332 4193 386 4254 ubi
408 4195 629 4274 expeditionem
644 4196 727 4257 coeii
745 4195 847 4256 Manlii
863 4194 993 4256 eontulit
1009 4195 1042 4254 in
1056 4192 1292 4268 Gallo-Graeooa

177 4275 329 4341 deacribit.
369 4279 415 4340 aic
427 4280 529 4344 Livius
539 4281 644 4346 babet:
662 4299 735 4344 ‘curn
749 4280 795 4344 od
807 4285 997 4365 Smrgorm
1001 4281 1126 4364 flumen
1134 4281 1295 4360 perventa:
