2774 4784
170 267 247 354 726
449 197 709 342 νΟΒὸΕΡιῖῙΔἸΣ
735 263 980 335 recurunt.

66 439 161 508 2⁵17
248 459 292 588 1p.
311 435 353 507 16
368 454 403 590 ἔ.
425 436 477 504 18.
516 434 707 518 aupplira'um
723 434 898 514 suatuurii.
940 429 1012 495 vida
1038 449 1104 494 rem
1127 439 1290 494 narratam

84 563 88 576 ·
172 524 237 590 vol.
302 527 367 590 ‚49
400 542 415 581 ⁸
458 563 467 582 ·

260 545 331 672 38.
374 541 482 667 obiise
500 605 552 666 hio
570 603 797 665 admonuerima
821 621 898 684 qnae
918 600 979 662 hoo
995 602 1096 682 capite
1113 601 1287 663 mudantur

175 695 227 776 (p.
242 699 283 762 16
297 713 328 755 v.
340 697 361 758 6
375 729 415 740 -
426 713 458 773 p.
472 696 513 757 17
524 710 556 754 v.
567 693 605 769 6)
621 689 658 749 de
673 690 809 751 fraudata
825 686 1083 749 schisman'corum
1096 687 1170 746 odio
1184 688 1287 748 anima

172 777 329 856 itiichailia
347 774 536 858 imperatoris
556 773 744 842 indemens
763 773 974 856 communione
1003 773 1116 854 mortui
1143 771 1284 834 subsidio

169 849 378 948 piacularium
399 879 569 938 sacrorum,
591 868 621 920 et
637 869 790 940 tamquam
809 857 1047 920 irrevocabiliter
1066 855 1189 918 addicta
1201 859 1283 917 Tar-

174 961 262 1027 taro,
276 948 424 1008 declarata
437 945 574 1026 incapaci
585 943 723 1006 habenda
735 943 946 1024 suffragiorum
958 943 1116 1024 ecelesiae,
1131 963 1209 1023 qnae
1224 963 1282 1022 pro

174 1036 236 1116 piis
249 1035 283 1093 in
296 1033 345 1092 dei
360 1032 483 1092 caritate
499 1029 665 1102 defunctis,
687 1035 751 1090 non
764 1049 823 1111 pro
839 1029 895 1089 deo
915 1025 1012 1089 exosis
1028 1039 1058 1087 et
1073 1029 1106 1087 in
1121 1049 1177 1087 auo
1193 1027 1282 1106 gravi

123 1117 125 1122 ’
173 1127 301 1202 peccato
325 1117 453 1178 mortuis
473 1115 575 1177 offerri
597 1123 834 1192 consueverunt,
864 1113 936 1190 satis
960 1114 1167 1196 damopatrare
1189 1133 1281 1194 qnam

174 1203 289 1267 salsum·
308 1201 362 1278 ait,
385 1194 597 1281 quod'mnlti,
610 1200 788 1280 praesertim
803 1185 997 1277 heterodoxi,
1010 1197 1198 1284 persuadere
1210 1207 1282 1259 aunt

176 1287 294 1364 conati,
317 1286 484 1346 doctrinam
506 1285 541 1345 in
559 1285 686 1346 ecelesia
707 1287 841 1346 Romana
855 1287 1006 1366 receptam
1021 1285 1058 1344 de
1070 1283 1248 1366 purgatorio
1262 1304 1280 1344 a

177 1371 301 1435 Graecis
309 1372 429 1451 penitus
440 1367 534 1433 reiici.
683 1435 686 1438 ,
1233 1383 1242 1398 ·

194 1473 200 1486 ·
261 1476 294 1537 p.
308 1460 349 1523 19
364 1476 396 1517 v.
414 1454 464 1521 16.
502 1465 576 1535 post
594 1451 675 1516 diem
690 1457 890 1535 trigesimam.
931 1452 1053 1516 videtur
1068 1451 1205 1512 indicam
1222 1451 1282 1512 tai-

175 1541 318 1622 geaimam
334 1541 463 1621 primam
475 1539 649 1602 Decembris
665 1539 758 1600 diem:
777 1560 811 1601 ea
833 1542 916 1601 anim
931 1548 978 1600 eat
988 1548 1062 1619 port
1079 1539 1280 1618 trigesimam

176 1627 260 1687 unda
272 1627 380 1685 festum
393 1624 480 1686 cuiue
494 1625 586 1707 paulo
598 1633 670 1706 post
679 1623 717 1692 ¹iit
731 1627 864 1700 mentio,
885 1627 978 1686 fuerit
994 1633 1101 1683 octava
1113 1621 1281 1684 nativitatis

176 1720 208 1771 et
223 1709 411 1771 circumcisio
430 1710 577 1771 dominia
593 1729 719 1790 vespera
734 1711 889 1790 pridiana,
911 1720 946 1771 ut
962 1708 1015 1788 iit,
1035 1707 1192 1788 incipiens.
1235 1706 1281 1767 aio

175 1793 304 1855 iuferius
322 1801 408 1878 p.22
428 1800 494 1861 v.6
518 1795 624 1875 quinta
647 1795 780 1857 Ianuarii
801 1795 857 1856 aub
879 1815 1034 1878 vesperam
1049 1793 1160 1853 festum
1177 1790 1281 1852 Theo-

175 1878 377 1962 phaniorum,
399 1890 453 1942 aut
463 1891 499 1941 ut
511 1900 567 1941 noa
581 1900 740 1958 vocamus,
760 1880 947 1962 Epiphaniae
966 1878 1110 1940 celebrari
1134 1887 1281 1958 coaptum

174 1965 329 2042 innuitur,
352 1965 424 2026 dum
442 1965 486 2026 ibi
503 1965 611 2031 scribit
634 1964 798 2028 historicus
813 1986 844 2030 v.
857 1971 899 2032 12
917 1964 994 2026 datia
1006 1963 1171 2046 unicuique
1184 1961 1281 2032 cereis

175 2059 299 2132 peraeta
311 2051 405 2112 inisse
418 2073 498 2131 quae
503 2052 583 2130 festi
595 2053 678 2110 ritus
685 2051 840 2132 poscebat.
1187 2045 1192 2052 ’

262 2157 289 2201 c.
308 2141 329 2204 8
347 2145 378 2197 et
396 2141 428 2204 9.
471 2136 557 2210 Quae
578 2135 611 2197 in
629 2135 679 2196 iaia
700 2136 850 2217 capitibua
871 2133 1006 2210 duobus,
1034 2133 1087 2194 aad
1106 2131 1281 2196 distinctim

175 2219 211 2282 in
232 2223 268 2296 9,
290 2222 329 2282 de
349 2219 449 2282 Veooo
470 2220 635 2282 traduntur
653 2230 684 2282 at
707 2221 770 2282 eius
791 2221 955 2298 sententia,
978 2218 1181 2280 declaratione
1196 2215 1282 2278 indi-

175 2313 267 2386 gent,
287 2315 323 2366 ut
337 2305 374 2366 iia
388 2304 501 2386 species
516 2305 655 2368 dematur
667 2303 863 2388 ἓτεροδοξίας.
903 2325 1035 2387 pronum
1053 2303 1168 2384 quippo
1186 2302 1282 2364 fuerit

173 2409 241 2451 non
254 2391 445 2468 praemunito
457 2390 581 2468 lectori,
601 2390 654 2453 nbi
668 2389 781 2452 viderit
793 2391 925 2452 Vaccum
935 2397 1092 2469 negantum
1104 2388 1202 2448 filium
1216 2407 1281 2450 esso

173 2493 311 2552 oausam,
332 2469 391 2534 hoc
402 2484 447 2534 est
460 2476 665 2556 principium,
685 2475 829 2555 spiritua,
850 2495 1030 2538 concausam
1042 2473 1108 2534 aive
1121 2475 1280 2553 comprin-

175 2558 292 2638 cipium
312 2579 379 2618 cum
400 2570 500 2640 patre,
523 2560 655 2641 denique
667 2560 875 2622 subiicientem
889 2559 1069 2622 anathemati
1083 2569 1146 2618 tam
1162 2556 1281 2638 eosqui

174 2663 212 2704 ea
227 2643 375 2704 samarint
390 2663 427 2703 ac
439 2644 584 2725 dixerint,
606 2665 697 2724 quam
711 2647 764 2725 qui
776 2646 822 2708 sic
837 2645 1022 2727 sapientibus
1038 2653 1069 2705 et
1082 2643 1280 2723 loquentibus

173 2729 303 2790 acientea
329 2730 631 2808 communicaverint,
660 2751 802 2792 accusare
826 2731 929 2814 ipsum
954 2729 1225 2813 praevaricationis
1246 2729 1280 2788 iu
1354 2723 1355 2732 ’

175 2833 267 2876 musa
285 2823 424 2895 suscepta
443 2815 616 2895 purgandae
631 2815 669 2876 ab
686 2815 817 2878 haeresia
838 2816 1010 2900 suspicione
1025 2815 1182 2888 doctrinae
1197 2813 1280 2874 Lati·

173 2917 286 2962 norum
307 2901 388 2962 circa
408 2901 633 2980 processionem
655 2901 787 2982 Spiritus
806 2901 910 2962 Sancti
930 2921 969 2964 ex
989 2909 1074 2983 patre
1087 2900 1213 2980 filioque
1224 2906 1279 2960 aut

172 2985 278 3064 potius
298 2985 435 3065 pudendi
457 2985 560 3066 lapsus
578 2986 612 3046 in
633 3006 766 3048 errorem
787 2986 972 3049 Graecorum
991 3007 1009 3046 a
1028 2986 1133 3045 Latina
1152 2985 1279 3045 ecclesia

175 3067 371 3148 damnatum,
391 3065 535 3132 aientium
555 3090 573 3129 a
613 3080 677 3132 atra
692 3072 758 3131 solo
772 3073 936 3152 procedere
952 3071 1098 3154 Spiritum
1113 3071 1278 3148 Sanctum5

175 3169 195 3210 a
207 3153 317 3232 quibua
330 3155 357 3213 ia
372 3163 472 3214 tamen
484 3153 584 3235 culpis
590 3093 771 3235 iongiasime
784 3157 889 3220 abfuit.
930 3157 1168 3220 animadvertere
1184 3155 1279 3234 igitur

174 3237 493 3404 utzttffltstt
506 3239 897 3408 triturare
908 3240 1278 3409 irruerit

200 3366 207 3384 ·
354 3368 363 3402 a
828 3371 840 3406 a

173 3413 243 3484 tur,
264 3416 296 3468 et
315 3429 349 3468 ex
364 3420 457 3489 patre
471 3411 622 3491 filioque,
646 3421 682 3472 ut
695 3409 793 3474 Latini
810 3431 883 3476 vere
900 3413 1085 3474 declarantes
1103 3411 1186 3471 idem
1202 3431 1276 3490 pro-

172 3491 298 3566 ferunt,
320 3493 475 3574 procedat.
515 3504 604 3575 pater
623 3496 704 3556 enim
719 3505 757 3557 ut
771 3499 929 3566 essentiam
941 3507 972 3560 et
988 3507 1126 3558 naturam
1141 3495 1276 3556 divinam

164 3573 239 3636 ulio
264 3597 320 3656 per
342 3580 565 3666 generationem
589 3581 808 3664 communicat,
832 3583 875 3644 ita
892 3583 988 3656 eidem
1005 3580 1198 3664 principium
1208 3579 1278 3660 api-

173 3681 246 3722 rans
258 3661 325 3722 aive
336 3664 531 3744 spirationem
545 3665 674 3725 estivam
686 3667 796 3746 tradit,
820 3669 943 3730 adeant
957 3665 1211 3748 quemadmodum
1225 3683 1276 3724 ea-

173 3745 242 3818 dem
256 3767 382 3808 numero
396 3759 504 3814 natura
516 3759 547 3811 et
564 3751 690 3810 meantia
703 3752 807 3816 diviua
818 3753 901 3835 patri
911 3753 1049 3834 filioque,
1070 3751 1142 3811 licet
1155 3749 1274 3811 duabus

172 3829 287 3910 alioqui
303 3833 451 3894 distinctis
467 3835 602 3915 personis
616 3838 710 3915 ineat,
731 3836 773 3897 ita
792 3837 975 3919 principium
994 3838 1117 3918 spirans
1126 3835 1191 3896 aive
1206 3834 1276 3914 spi-

171 3915 251 3978 ratio
273 3917 372 3994 activa
391 3938 453 3978 una
475 3919 638 4000 eademque
657 3941 782 3982 numero
799 3923 833 3982 iu
854 3932 940 4005 patre
956 3931 1133 4002 generante,
1154 3920 1188 3980 in
1210 3917 1275 3980 filio

171 4000 273 4079 genito
286 4001 436 4082 reperitur
441 4023 451 4080 3
470 4003 552 4066 unde
564 4004 599 4066 fit
609 4014 645 4066 ut
657 4026 697 4066 ex
707 4007 800 4068 unico
813 4007 966 4089 principio
978 4007 1123 4090 procedat
1137 4003 1277 4088 spiritus,
1322 4023 1328 4035 ·

121 4097 124 4106 ’
172 4087 368 4162 quantumvis
382 4085 415 4147 id
428 4087 615 4170 principium
629 4090 752 4153 unicum
768 4091 980 4174 indiqtinctuna
992 4093 1026 4152 in
1037 4092 1152 4154 duabus
1165 4111 1276 4171 perso-

171 4169 221 4228 uia
239 4170 381 4232 subsistat
394 4172 614 4236 identificatam
629 4177 761 4257 utrique.
803 4179 886 4240 uude
899 4178 991 4242 etiam
1002 4177 1040 4238 fit
1051 4185 1086 4238 ut
1092 4218 1103 4252 ,
1126 4175 1212 4256 qaod
1225 4174 1276 4236 di·

171 4261 250 4316 serte
272 4256 366 4320 tradit
388 4258 419 4359 8.
436 4257 583 4324 Maximus
599 4260 633 4326 in
652 4261 730 4326 Diri.
743 4281 811 4329 cum
823 4263 948 4364 duom„
968 4271 1056 4350 pater
1073 4263 1104 4328 S.
1125 4259 1277 4344 Spiritum

69 4595 224 4748 Δ
