3188 4784
445 307 526 378 uu.
539 307 596 378 ΠΙ.
636 305 1004 378 GHRONOLOGIGUS.
1200 305 1276 380 827

178 487 264 542 ratur
275 497 342 540 eum
360 477 423 539 irio
437 477 560 538 tuamor
572 482 634 552 ert,
654 472 737 554 quoti
755 471 881 554 contigit
893 493 971 534 anno
984 473 1110 553 Hegirre
1123 475 1186 540 687
1192 517 1202 550 ,
1223 473 1278 554 qui

179 564 280 645 coepit
298 585 317 623 r
336 562 385 624 die
407 567 434 629 60
446 559 601 622 Februrrii
620 579 702 619 ‘enno
718 558 828 620 Chriati
845 563 936 628 1288.
977 559 1082 622 haereo
1104 558 1278 638 Ortogrnlie

181 650 314 710 Othman
334 649 408 724 fuit,
429 646 480 707 cui
499 655 535 706 ut
552 647 584 705 irr
604 643 792 726 Karairptrgi
811 643 984 725 principatu
1007 646 1087 726 petri
1105 645 1279 706 auooaderet

166 755 275 816 ¹prono
296 735 401 796 fauore
422 731 567 792 Aladinue
586 730 729 806 indulsit,
752 738 783 790 at
802 749 887 806 eum,
909 729 1008 810 quoad
1021 731 1086 812 ipre
1094 730 1232 810 perstitit
1245 729 1279 788 in

178 819 329 902 potentie,
350 816 502 879 benefieiia
524 813 610 877 fouit.
650 835 757 875 verum
773 815 902 876 Aladino
916 825 946 876 et
958 816 1045 876 annio
1059 815 1119 874 iam
1136 817 1234 875 fracto
1249 823 1281 874 et

179 906 286 986 opibue
302 903 467 978 diminuto,
487 900 595 962 utiam
608 900 737 982 amplius
752 900 1071 980 amnnogulenrium
1092 899 1149 960 aub
1166 899 1280 962 Cheiri'r

180 1000 212 1072 pt
223 991 326 1071 Apaga
337 989 370 1048 in
384 987 451 1047 iatia
463 986 605 1066 pertibue
615 986 850 1066 praevalentium
871 1005 908 1044 ao
927 995 1042 1046 ounote
1056 984 1280 1064 subiugantium
1332 1033 1338 1047 .
1399 1019 1401 1024 s

178 1095 237 1158 prr
250 1073 438 1135 anatinendia
454 1071 539 1132 haud
551 1073 647 1148 soret,
666 1090 716 1132 raa
733 1070 789 1130 ribi
804 1089 872 1132 auaa
888 1091 975 1150 agere
990 1069 1155 1131 Othmauea
1171 1070 1280 1150 coepit,

181 1170 212 1222 et
233 1160 366 1240 propriis
390 1157 532 1238 auepieiia
558 1156 589 1216 in
617 1155 744 1216 Romani
766 1155 886 1235 imperii
907 1156 1080 1238 provineira
1103 1156 1281 1235 irrumpere,

181 1265 244 1305 non
259 1244 378 1325 praedia
393 1244 492 1306 aoium
507 1241 579 1302 iude
593 1241 746 1321 abigendis
758 1241 910 1318 intentur,
931 1242 983 1302 aad
1004 1250 1034 1302 et
1054 1241 1173 1302 aroibua
1191 1251 1281 1319 atque

181 1329 307 1391 urbibur
318 1328 434 1390 ibidem
453 1325 649 1409 oooopandia.
692 1327 775 1407 quod
795 1334 936 1407 coeptum
950 1347 1019 1387 cum
1032 1327 1110 1386 aiax
1121 1335 1196 1386 voto
1208 1343 1282 1385 auo-

182 1414 335 1491 oeariaeet,
358 1413 535 1494 expuguatia
547 1420 579 1472 et
591 1411 741 1492 prreaidio
756 1431 877 1472 auorum
889 1411 1016 1474 ‘ineeaaia
1029 1411 1139 1472 velidie
1152 1409 1281 1491 quibua-

183 1497 254 1560 drm
273 1497 507 1576 munitionibus,
529 1497 610 1558 unde
623 1497 779 1576 regionum
794 1497 856 1558 illia
868 1497 1066 1558 adiacentium
1080 1497 1167 1557 troile
1182 1494 1281 1556 domi-

181 1584 267 1644 nium
283 1584 345 1644 eibi
365 1593 547 1665 perpetuum
566 1592 729 1657 reaeraret,
757 1583 890 1644 sultania
909 1592 974 1644 tom
995 1583 1115 1642 demum
1136 1581 1279 1656 ommno,

181 1668 241 1730 hoo
260 1678 306 1729 eat
324 1668 458 1751 supremi
477 1667 638 1749 prinoipia,
658 1668 781 1728 titulum
799 1668 898 1748 priam
920 1669 1095 1750 usurpavit,
1121 1689 1201 1728 anno
1219 1666 1281 1726 He-

181 1753 262 1834 girra
274 1757 355 1829 ¹699,
377 1755 462 1814 onina
475 1754 625 1813 kelandae
636 1751 819 1814 Muharrami
838 1753 1010 1814 inciderunt
1023 1753 1057 1814 in
1070 1752 1152 1814 diam
1166 1756 1209 1819 28
1221 1753 1281 1812 Se·

180 1837 328 1922 ptambrie
339 1839 414 1898 'anni
431 1837 541 1898 Chriati
553 1841 644 1904 1299.

187 1951 189 1958 ·
267 1923 321 1985 lfl.
347 1923 522 1984 vliaotenua«
534 1922 629 1982 ralrte
644 1921 682 1982 da
698 1919 858 1982 Othmania
873 1921 1045 2004 primordiia
1060 1920 1187 1982 nitunt
1203 1919 1281 1980 Ara-

182 2007 236 2069 bae
258 2007 436 2089 aoriptorea3
458 2027 528 2067 omn
551 2006 660 2087 quibur
683 2026 858 2086 comparare
875 2009 1001 2088 aprraim
1022 2008 1059 2068 de
1077 2006 1125 2066 irie
1139 2015 1282 2066 anertra

182 2091 386 2174 Pachynum-e,
406 2112 443 2153 ao
464 2111 554 2172 quem
575 2091 649 2152 hoec
669 2090 707 2150 iia
729 2100 798 2172 apte
810 2102 983 2172 ¹congruont
1003 2092 1174 2167 oateudere,
1196 2089 1283 2150 labor

184 2177 328 2260 dainoepa
350 2171 501 2238 menarit.
543 2175 695 2258 principio
715 2187 819 2256 repeto
839 2177 961 2258 quaein
975 2175 1041 2258 ipro
1061 2175 1223 2256 eui'operie
1235 2175 1283 2234 li-

183 2264 267 2325 mine
288 2272 392 2324 noeter
412 2260 575 2324 hiatorioua
592 2261 718 2342 partiri
740 2261 792 2328 l.1
815 2283 832 2321 r
849 2281 877 2326 o.·
891 2267 912 2328 3
927 2262 1003 2326 ιᾱθ
1024 2262 1089 2324 fuae
1110 2260 1231 2321 diruerit
1244 2259 1284 2319 de

183 2348 305 2409 aroibur
319 2348 425 2408 limiti·
437 2346 600 2408 Orientrlia
612 2347 762 2406 Romanae
774 2346 1015 2428 ditionir'oontre
1028 2347 1178 2408 Peraidem
1189 2345 1285 2424 deque

184 2433 310 2494 illarum
321 2441 472 2494 momento
485 2432 523 2492 ad
539 2431 663 2492 tutelam
680 2431 815 2512 imperii3
836 2442 903 2492 tum
917 2432 954 2496 de
969 2451 1058 2511 eurr,
1081 2451 1139 2512 qua
1150 2450 1205 2491 ear
1219 2451 1286 2490 rm·

184 2518 269 2600 plexi
292 2519 479 2579 dominanter
498 2517 621 2578 Nicaeae
641 2526 714 2597 poet
730 2517 867 2578 amiaeem
880 2518 1172 2598 Conetrntiuopolim
1187 2515 1294 2597 impe·¹

186 2612 303 2666 ratorea
327 2603 435 2664 Graeci
454 2603 566 2684 optime
583 2602 789 2662 eouauloerint
811 2603 993 2683 reipublicae
1015 2601 1182 2664 numeroaia
1203 2603 1288 2662 viro·

185 2709 255 2750 rum
276 2689 403 2751 fortium
424 2687 581 2770 praeridiia
601 2689 634 2748 in
655 2707 690 2747 eo
709 2687 1028 2765 limiteeuctorandia‚
1050 2707 1118 2748 cum
1134 2688 1287 2766 largorum

186 2774 411 2920 ritui
428 2772 663 2918 territt:
677 2773 714 2832 ·⁶
731 2773 829 2918 tiu
852 2783 919 2872 ‘¹²¹³
1145 2791 1284 2916 nui
1305 2779 1395 2834 ω

185 2877 1106 3024 ἱιιῐευϋινὶιιῗσῖιιτιίοηίὺυι«ροιιαηῑξὶῖτυᾱπέωηζιὲιιιιὶῗῗαὲᾱ
1117 2878 1150 3003 iti
1164 2877 1287 3002 iiiiii·

186 3037 235 3089 toa
248 3049 266 3086 a
277 3029 453 3108 Byrrntiria
464 3029 606 3108 Augurtia
620 3038 747 3090 exteros¹
753 3028 1029 3108 probrtrevirtutia
1041 3037 1073 3088 et
1084 3027 1286 3108 experientiae

187 3113 364 3184 bellicarum
376 3135 496 3191 rerom5
517 3133 646 3193 quorum
664 3113 869 3190 meritorium,
884 3133 949 3191 ¹que
964 3113 1070 3194 apoliia
1084 3133 1122 3174 ex
1135 3112 1222 3173 hoate
1232 3133 1285 3174 ra·
1377 3171 1384 3182 ,

188 3198 269 3279 ptia‚
291 3219 349 3280 qur
369 3199 561 3280 pensionibua
582 3219 652 3260 oum
674 3199 734 3258 fide
755 3198 935 3276 numeratio,
960 3219 1018 3279 qua
1032 3199 1181 3260 fructibna
1196 3199 1285 3258 deto-

186 3303 256 3344 rum
272 3283 351 3364 ipair
362 3303 517 3362 rgrorum‚
541 3304 661 3362 magnra
675 3284 799 3362 adeptor
814 3282 935 3344 divitior
951 3285 1008 3361 eit,
1029 3285 1110 3364 unde
1121 3292 1207 3344 tento
1220 3293 1285 3343 ter·-

187 3368 339 3430 ribilioree
352 3368 489 3430 hoatibna
503 3369 619 3444 fierent,
641 3389 677 3428 ao
689 3369 799 3430 fortior
809 3380 1036 3449 propugnrreot
1049 3372 1197 3430 Romanoa
1210 3387 1287 3450 pro-

186 3453 322 3531 vinciae,
344 3454 477 3516 barbaria
498 3455 607 3535 procul
627 3456 707 3514 intra
727 3454 862 3534 iptorum
883 3464 977 3516 terrea
993 3456 1044 3516 vel
1057 3464 1173 3515 terrore
1187 3453 1286 3512 conti·

187 3539 311 3616 rreudir,
340 3541 392 3600 vel
409 3539 440 3601 vi
460 3541 625 3620 armisque,
646 3540 670 3599 ai
690 3559 846 3618 erumpere
867 3550 1065 3615 conarentur,
1085 3537 1288 3601 retrudendia.

187 3645 252 3686 uon
274 3624 397 3686 videtur
419 3625 543 3686 dubium
556 3626 629 3704 quin
647 3645 704 3706 par
719 3624 752 3684 in
765 3625 948 3687 contrariom
964 3645 1035 3684 cura
1053 3622 1146 3684 suedi
1161 3624 1289 3684 inserto·

187 3729 256 3771 rom
269 3712 405 3772 Romeno
420 3710 536 3770 nomini
552 3722 582 3770 et
597 3709 779 3770 Cirriatianae
791 3711 926 3791 religioni
942 3713 1158 3770 Sereoeooruur
1173 3708 1291 3789 prinoi-

187 3794 1157 3961 iiiiiffi‘3213'iffiiliiiiiiiffi'lriii
1165 3793 1290 3958 'iffi

108 4033 110 4042 ,
187 3965 302 4026 habena
323 3966 432 4042 leonii,
462 3985 540 4045 quea
561 3976 607 4028 eat
628 3965 701 4026 urna
722 3966 888 4047 Lycaoniae
909 3965 1061 4045 primaria.
1105 3983 1199 4045 quare
1220 3983 1291 4024 oum

188 4051 271 4132 apud
287 4051 399 4113 Arabae
410 4051 570 4113 hiatoriooe
581 4053 713 4132 legimur.
721 4061 879 4112 evocatum
894 4051 930 4110 eb
942 4049 1001 4111 hoc
1014 4070 1053 4110 ex
1063 4047 1291 4128 Tranaeuphra-

188 4137 268 4196 terrai
281 4137 402 4214 regione
417 4138 611 4217 Ortogrulam
628 4159 697 4198 eum
713 4137 827 4198 familia
849 4147 879 4196 et
894 4136 975 4198 inter
989 4145 1106 4196 montea
1120 4136 1146 4196 T
1147 4135 1291 4212 umulagii

188 4230 219 4280 et
233 4220 403 4298 Armeniae,
423 4223 458 4282 in
477 4224 547 4284 loco
568 4224 653 4284 cuiue
666 4223 726 4303 ipsi
737 4221 924 4302 toparchiam
942 4221 1140 4298 corroserit,
1161 4220 1289 4280 oolioor·

189 4315 276 4388 tum,
297 4306 464 4388 intelligere
482 4308 624 4372 debemur
641 4307 726 4369 iliam
743 4309 1009 4390 Koraiaptugom,
1028 4306 1180 4388 regionem
1199 4305 1288 4368 attri-
