2798 4786
212 275 299 352 *126
398 319 404 330 ·
538 275 717 346 GEORGII
740 273 1008 345 PAGHYMERIS

221 445 342 518 καοέαν.
395 450 446 522 καλ
468 447 529 537 γάρ
551 450 603 514 ’καλ
624 449 654 515 ολ
676 445 957 540 ύνελθετοιπούτφ
978 448 1101 535 εύφοοῖς
1117 444 1327 536 ἀπεκρούοντο

218 556 259 620 cri
278 559 337 638 τῆς
351 553 496 639 κράσεως,
525 551 582 618 σύν
605 555 648 628 sic
671 553 830 640 συμφέρον
851 551 980 620 theodos
994 554 1069 630 τούς
1080 551 1190 638 λόγους
1203 559 1328 624 πολλῶν
1364 569 1371 577 ’

217 657 408 740 κινηθέντων
430 651 714 739 διαβεβαιούμενοι,
750 655 875 722 ἔπειθον
901 659 937 723 δὲ
963 659 1094 737 βασιλέα
1122 657 1249 738 πέμπειν
1274 660 1327 722 καλ

218 760 326 838 ἀξιοῦν
341 759 481 844 παρέχειν
496 762 636 841 λέβελλον
658 757 884 845 παραιτήσεωςι
934 763 1015 844 μηδὲ
1032 760 1091 846 γάρ
1108 763 1150 840 εἷς
1164 760 1326 846 συμφέρον

221 863 351 930 έσεοθαι
365 864 422 947 τὴν
437 864 583 944 ἐξέτασιν,
613 861 727 939 αύτούς
743 863 778 930 d'
795 865 938 930 ἐντεῦθεν
953 861 1110 948 ὁμολογεῖν
1125 863 1247 948 εὐσεβῆ,
1273 865 1353 932 καλ6

220 967 340 1051 μηδένα
354 966 408 1033 τάν
424 967 592 1053 διοταγμύν
610 967 659 1031 ini
673 977 743 1042 ταῖς
759 977 846 1046 σαῖς,
873 970 968 1052 φησέ,
994 968 1096 1054 φέρειν
1113 963 1235 1046 δόξαις,
1262 964 1327 1050 μά-

218 1096 273 1136 νον
290 1071 324 1136 dd
337 1073 603 1154 σκανδαλισθῆναι
618 1070 669 1134 διὰ
686 1070 722 1136 τύ
737 1077 794 1136 τοῦ
812 1069 950 1152 Μάρκου
962 1069 1107 1156 γράμμα,
1135 1070 1215 1138 duat
1230 1069 1329 1147 αύτός

182 1178 208 1233 l>
224 1174 264 1240 od
282 1171 414 1261 φθάσας
428 1171 573 1249 πολλάκις
587 1183 656 1249 ταῖς
673 1172 843 1253 άποβολαΐς
858 1176 994 1251 δέδοικας
1008 1171 1051 1252 ὥς
1065 1174 1151 1260 παρὰ
1175 1173 1210 1240 τύ
1226 1171 1327 1258 ὀρθὸν

214 1279 371 1366 possem
385 1283 441 1360 τῆς
460 1285 563 1360 κοινῆς
585 1273 677 1360 δόξης
693 1284 749 1361 τῆς
765 1277 940 1361 έκκληοέας,
963 1281 1014 1342 καλ
1027 1277 1078 1343 διά
1090 1284 1190 1344 ταῦτα
1206 1278 1327 1342 δίκαιον

221 1378 296 1446 εἶναι
316 1386 441 1462 βασιλεῖ
458 1405 490 1452 rr
509 1383 677 1448 πεύθεσθαι
700 1379 739 1446 τά
749 1381 871 1465 χρηστά
892 1377 1135 1463 συμβουλεύοντι
1148 1383 1198 1445 καλ
1211 1382 1325 1463 ελρηνι-
1336 1391 1372 1444 10

220 1490 281 1559 κῶς
298 1480 513 1550 ἇοαλλάπειν.
563 1489 665 1549 ταῦτα
678 1482 824 1560 πολλάκις
837 1483 1026 1569 διεμηνύιτο,
1049 1484 1122 1551 ἀλλ’
1138 1482 1195 1550 ούκ
1209 1481 1324 1550 ἔπειθε.

220 1589 275 1652 καλ
286 1586 317 1673 γ’
334 1588 382 1651 ini
397 1593 523 1662 πολλοῖς
538 1589 589 1652 καλ
602 1586 656 1652 τὸν
668 1584 737 1653 τότε
751 1590 930 1672 κοιαέστορα
944 1585 1096 1670 Χσύμνον
1111 1589 1162 1653 καλ
1177 1586 1232 1653 τὸν
1248 1610 1328 1672 συγ-

219 1687 382 1778 γράφοντα
413 1687 537 1771 συνάμα
562 1691 691 1772 πέμπων
715 1687 732 1756 d
760 1691 908 1774 βασιλεύς
932 1691 1121 1777 προσέταττε
1150 1691 1245 1776 λέγειν
1273 1692 1327 1756 καλ

220 1793 326 1870 ἀξιοῦν
346 1792 388 1860 roi
406 1792 488 1858 αύπύ
513 1793 592 1879 παρ’
618 1793 726 1861 edred.
785 1801 1006 1881 τυραννεῖσθαι
1027 1796 1087 1884 γὰρ
1100 1797 1140 1881 τῇ
1155 1796 1197 1869 ric
1212 1794 1342 1858 λκεῖνον.

182 1903 207 1958 Ε
225 1892 329 1985 ἀγάπῃ
343 1899 392 1962 ini
405 1903 449 1986 τῷ
462 1896 551 1984 μέχρι
567 1891 662 1964 νάσου
679 1897 736 1981 τὴν
751 1899 913 1982 ἔκκλησέαν
929 1899 1153 1982 κυμαινομέννγν
1165 1897 1323 1981 περιορᾶν,
1334 1905 1367 1962 1⁵

217 2002 270 2066 καλ
283 2002 381 2085 μηδέν
394 2001 511 2088 έφεΐναι
524 2011 589 2078 τοῖς
600 2000 671 2068 κατ’
689 2003 804 2068 ἐκείνου
822 2001 900 2069 ύοτε
915 2005 966 2068 καλ
978 2003 1070 2070 πλέον
1081 2027 1112 2068 τι
1123 1999 1209 2088 παρὰ
1225 1999 1262 2066 τύ
1281 2001 1341 2065 et:

215 2214 263 2281 sue
281 2198 448 2252 festinassent
464 2198 651 2281 sqbscriptione
667 2198 876 2282 inconsultipsime
886 2199 996 2252 firmare.
1031 2215 1082 2282 quq
1098 2204 1209 2280 utroque
1223 2195 1326 2250 nomine

216 2268 700 2407 distiterit?,iiiiii
715 2266 1327 2400 'ittiitiititttiiiizi.‚hirtii

217 2406 295 2458 sisset
312 2405 357 2475 qui
374 2405 461 2458 iudicii
478 2413 629 2475 appareturu
646 2407 802 2471 distinerent,
820 2409 887 2461 heud
905 2407 1009 2459 muitum
1026 2407 1044 2458 ii
1060 2413 1233 2475 repugnantes
1250 2405 1326 2456 inse-

215 2480 311 2526 neront
334 2483 499 2526 accusatores
524 2475 697 2546 patriarchae.
732 2477 759 2528 hi
784 2477 850 2530 enim
872 2493 944 2529 snum
969 2492 1072 2545 quoque
1095 2477 1206 2545 ipsorum
1227 2473 1254 2526 iu
1277 2471 1326 2525 teii

216 2558 297 2596 censa
313 2543 381 2594 verti
400 2543 538 2609 periculum
555 2544 745 2605 intellexerunt,
769 2546 846 2608 veriti
864 2563 896 2598 ue
913 2545 1003 2612 motis,
1028 2551 1059 2598 ut
1076 2545 1124 2608 iit,
1140 2561 1172 2598 ea
1188 2542 1326 2596 occasione

216 2613 301 2666 moitis
318 2611 415 2682 eliquid
432 2611 609 2681 detegeretur,
634 2615 702 2684 quod
725 2632 807 2681 greve
823 2614 888 2686 ipsis
904 2615 1020 2668 damnum
1038 2619 1192 2668 eeeerseret
1227 2611 1325 2666 coudr-

216 2687 319 2734 sneruet
335 2697 396 2748 ergo
415 2682 507 2750 cupide
524 2681 702 2751 imperatorem
724 2683 833 2737 innova
854 2685 980 2738 sententia
997 2683 1085 2736 iudicii
1103 2680 1251 2744 omittendi,
1275 2697 1326 2734 em·

217 2761 354 2820 ctoresquc
371 2749 407 2802 iiii
423 2751 496 2803 inere
512 2751 628 2804 mittendi
645 2754 679 2806 ad
696 2753 851 2823 Gregorium
873 2752 918 2823 qui
935 2753 1046 2807 iibeiium
1070 2750 1238 2805 abdicetionis
1254 2749 1327 2802 sedis

217 2821 251 2872 eb
268 2836 299 2874 ec
316 2829 466 2889 poscerent,
483 2827 620 2890 praetextu
636 2821 717 2891 ipsius
734 2825 818 2876 iamne
836 2823 990 2876 consulendi.
1025 2839 1081 2874 cum
1099 2821 1166 2875 euim
1182 2821 1235 2872 siut
1251 2817 1326 2882 enci·

216 2888 286 2958 pites
302 2889 451 2942 iudiciorum
468 2890 568 2955 exitus,
592 2891 683 2944 videre
700 2893 817 2961 proiecto
837 2893 920 2962 ipsum
938 2908 1013 2962 quam
1031 2892 1100 2944 foret
1116 2890 1166 2944 sibi
1182 2894 1259 2959 turpe
1275 2888 1326 2941 de·

103 2989 104 2992 =
134 2995 137 3004 ,
216 2959 307 3010 muneri.
341 2957 468 3012 victorine
485 2967 570 3012 autern
587 2960 702 3014 incertae
719 2963 829 3014 iructom
846 2971 944 3014 certum
961 2961 1097 3016 iarnnunc
1112 2959 1176 3012 citra
1193 2967 1326 3012 eemueo

214 3027 320 3080 offerri:
345 3027 529 3098 promittebant
550 3029 662 3100 quippe,
686 3031 761 3083 simoi
782 3032 816 3084 eb
842 3048 873 3082 eo
897 3031 1059 3098 eccepissent
1075 3027 1196 3083 cessionis
1214 3043 1326 3097 syngra-

216 3097 302 3166 pham,
319 3113 349 3148 se
366 3096 476 3150 vicissim
487 3098 532 3150 'iiii
548 3099 720 3152 testimonium
737 3099 910 3153 authenticum
928 3101 1047 3162 daturos,
1071 3117 1121 3168 qno
1143 3098 1168 3150 is
1185 3096 1263 3165 piene
1279 3111 1326 3147 or·

216 3167 344 3222 thodorus
367 3172 394 3218 et
418 3168 451 3218 eb
476 3167 541 3219 omni
565 3185 663 3237 preses
686 3169 819 3222 doctrinae
843 3169 989 3238 suspicione
1012 3168 1110 3228 siieuus
1135 3167 1323 3228 declararetur,

215 3238 293 3305 eoipe
311 3235 367 3288 eius
383 3235 482 3287 demum
498 3237 564 3290 omui
581 3239 688 3291 redacte
701 3238 727 3290 in
746 3256 795 3291 uon
812 3239 888 3292 vaide
903 3238 1047 3322 pudendam
1064 3236 1244 3306 negiigeotiem
1260 3251 1324 3303 per·

215 3304 356 3357 mittendae
373 3304 492 3358 editionis
509 3309 681 3362 commentarii
698 3307 781 3359 Meroi
796 3309 920 3370 monecin,
936 3309 963 3360 in
980 3325 1032 3378 quo
1049 3324 1107 3361 sero
1124 3306 1236 3371 tandem,
1252 3301 1324 3374 quod

214 3381 245 3426 et
260 3374 343 3444 ipsum
359 3374 496 3443 eiiquoties
513 3377 649 3429 constebet
665 3377 771 3440 sessore,
792 3377 1003 3446 deprehendisset
1018 3377 1142 3446 quaedem
1160 3393 1209 3428 non
1226 3389 1324 3442 usqne·

215 3459 318 3516 quaque
335 3443 368 3496 ed
386 3444 578 3496 ecciesiesticae
602 3446 763 3498 rectitudinis
787 3463 899 3498 normam
917 3455 1016 3500 erecte.
1053 3445 1164 3513 delegati
1180 3445 1214 3496 eb
1232 3445 1325 3509 Augu-

214 3519 256 3564 'sto
273 3513 317 3582 qui
335 3512 399 3566 iseec
416 3529 473 3565 cum
491 3514 617 3582 Gregorio
635 3522 756 3584 egerent,
775 3531 852 3585 saepe
867 3516 938 3568 ilium
956 3516 981 3568 in
999 3516 1073 3568 istem
1091 3515 1243 3567 sententiam
1261 3517 1325 3566 sunt

212 3581 335 3648 aiiocnti,
359 3599 437 3650 saepe
458 3583 587 3636 edhorteti
612 3584 645 3637 ed
671 3585 861 3654 obsequendum
884 3585 1032 3653 imperatori
1048 3583 1174 3637 saluteris
1190 3580 1242 3652 ipsi
1259 3595 1324 3632 sus·

212 3649 301 3717 denti,
323 3657 467 3720 peceteque
492 3669 523 3704 ac
545 3669 637 3706 secure
659 3654 735 3706 deiun
756 3655 846 3706 endem
869 3654 993 3708 invidioso
1010 3661 1038 3706 et
1054 3651 1190 3724 praecipiti
1208 3649 1324 3719 negotio.

214 3719 262 3774 sed
278 3722 355 3774 surdo
372 3737 473 3790 semper
490 3722 652 3787 cecinerunt,
668 3672 754 3791 quoad
770 3725 897 3776 conticere
913 3724 1146 3794 quomodocumque
1162 3737 1216 3776 rem
1232 3722 1326 3786 Augu·

214 3797 270 3842 stus
287 3793 385 3854 rolens,
402 3797 463 3860 post
478 3791 572 3844 ruoitos
588 3791 651 3844 elios
667 3793 692 3844 id
711 3794 808 3846 irostrn
826 3799 938 3857 conotus,
955 3794 1018 3845 duos
1036 3793 1069 3845 ad
1087 3797 1226 3846 extremum
1243 3787 1324 3852 arisit,

214 3859 355 3914 Chumrsum
373 3861 517 3930 queestoris
534 3867 595 3912 tunc
613 3862 701 3918 oificic
724 3863 887 3930 fungentem,
912 3871 939 3914 et
962 3879 1018 3915 cum
1044 3879 1075 3916 eo
1099 3861 1173 3914 iunius
1196 3856 1324 3912 historiae

213 3929 376 4000 scriptorem.
411 3929 458 3980 iios
474 3929 550 3983 iussit
566 3937 593 3982 et
610 3931 740 3983 disserere
761 3931 843 3984 denuo
860 3939 889 3985 et
905 3949 980 3990 orare
997 3948 1014 3985 e
1031 3948 1061 3984 se
1076 3931 1214 3984 instantius
1231 3927 1323 3982 aden

211 3998 258 4056 iiie
274 3998 392 4067 superius
408 4006 557 4064 memorate,
576 4009 762 4082 proetereeqne
778 4001 811 4053 de
829 4018 894 4054 novo
915 4001 1024 4070 addere,
1042 4002 1166 4056 hactenus
1182 4015 1212 4052 se
1229 4002 1323 4064 tynn-

210 4067 271 4122 uice
286 4067 397 4138 quedam
411 4067 439 4119 ri
458 4067 550 4120 amoris
567 4067 594 4120 in
612 4071 768 4138 Gregorrum
785 4070 824 4122 sui
840 4071 995 4140 prohibitum
1022 4089 1038 4124 ο
1054 4069 1200 4124 necessario
1216 4067 1255 4120 rei
1270 4081 1324 4136 pu-

211 4135 296 4188 biicse
313 4135 453 4208 pecundum,
470 4137 515 4188 sed
532 4137 567 4188 iiii
585 4154 673 4208 peroro
690 4137 798 4203 decoro,
814 4141 924 4194 remedio
942 4140 1096 4207 adhibendo,
1112 4145 1139 4192 et
1157 4137 1242 4208 potius
1258 4151 1324 4206 pes·

212 4219 267 4256 sum
285 4223 343 4258 esse
359 4203 451 4277 iectari
468 4204 601 4259 ecclesium
618 4207 755 4264 iectionusn
769 4209 889 4264 ductibus
920 4228 978 4264 nam
995 4211 1116 4264 inducere
1132 4207 1248 4278 potuerit
1265 4207 1326 4260 sni·

212 4287 280 4328 mum
296 4274 330 4330 ed
346 4274 541 4346 permittendum
556 4275 711 4332 adverseriis
723 4279 846 4349 Gregorii
861 4229 1049 4336 traductionem
1065 4279 1148 4352 ipsius
1163 4276 1238 4332 nimk
1247 4275 1323 4346 iguo-
