2774 4784
121 411 122 414 Ὺ
191 311 268 386 rat
484 307 721 380 oasmvar.
741 305 980 379 cacumen

191 474 321 561 reperte
329 465 409 553 isser
421 467 483 558 reis
495 465 770 561 peebobmpeimos
781 471 944 560 irritatior.
972 473 1058 560 quod
1068 471 1309 558 diuturnalait)

191 583 276 645 euru,
306 562 435 646 quidam
457 566 566 643 ingene
584 574 762 643 portentum
778 573 988 642 putaverunt,
1016 567 1180 624 inuentum
1201 585 1307 644 nempe

158 673 161 680 ’
190 671 253 712 eree
272 653 305 710 in
326 670 418 709 eacra
435 647 548 729 pyxide
560 669 676 728 partem
700 661 909 708 coneeeratum
924 649 1149 729 putrefactum.
1187 669 1305 729 panna

190 747 294 796 autern
318 735 409 814 longo
431 755 505 793 aevo
519 745 690 814 putrescere
713 737 973 794 minimemirum
993 747 1045 795 est.
1088 737 1243 794 nimirum
1268 737 1303 794 in

186 824 268 899 festo
292 820 494 896 Palmorum,
525 841 585 900 quo
608 817 659 878 die
675 820 930 901 inaugurabatur
945 820 1132 901 patriarcba
1154 821 1300 910 Qrpriue,

189 926 259 965 cum
280 902 317 962 de
334 917 415 963 more
430 906 567 983 fuiaeent
587 907 754 964 coneeerati
767 927 865 985 panea
885 927 921 964 ex
945 906 1059 986 quibus
1082 904 1209 982 deinde,
1240 917 1300 986 qua

190 994 253 1050 ritu
262 1011 319 1069 per
335 993 539 1071 inaequentem
555 989 778 1049 hebdomadam
793 994 851 1068 fae
867 1002 928 1068 eet,
951 1011 1042 1051 encra
1055 1012 1090 1050 ea·
1097 993 1299 1071 praesancti-

181 1077 293 1157 ficatie
315 1072 400 1134 dieta
419 1075 654 1152 celebrarentur,
677 1077 806 1154 contigit
829 1095 907 1134 casu
928 1075 1062 1156 quodam
1079 1079 1165 1154 feria
1181 1087 1299 1156 quarta

189 1163 320 1224 maiorie
337 1157 547 1219 hebdomadae
559 1179 683 1221 eaerum
698 1181 730 1220 eo
746 1159 796 1220 die
801 1162 878 1242 fieri
891 1161 1019 1220 eoliturn
1032 1167 1066 1220 ex
1074 1161 1299 1240 praeeanetibfl

188 1249 270 1306 eatis
284 1248 394 1308 omitti.
437 1244 518 1304 unde
530 1245 736 1305 consumenda
744 1267 802 1325 per
812 1245 904 1322 illud,
926 1249 956 1304 ei
968 1250 1029 1304 rite
1032 1257 1195 1325 perocttan
1201 1246 1297 1325 soret,

184 1335 281 1412 panis
301 1335 470 1390 consecrati
486 1333 650 1410 particula
670 1334 704 1390 in
724 1352 817 1391 eacra
828 1329 943 1412 pyxide
958 1331 1069 1390 relicta
1084 1341 1129 1389 eet
1143 1347 1244 1410 u'eque
1255 1329 1299 1390 ad

191 1415 380 1475 dominicam
394 1415 527 1496 Tyrinan
545 1428 686 1476 vocatam
701 1419 886 1497 insequentis
899 1419 984 1476 anni.
1027 1437 1091 1496 qua
1101 1415 1153 1474 die
1169 1437 1243 1474 eum
1256 1413 1298 1474 ad

192 1521 281 1560 aram
305 1498 448 1558 cacerdoe
457 1503 584 1578 faciens
605 1523 703 1560 novae
715 1505 883 1562 conaecrati
895 1505 992 1581 panie
1005 1502 1182 1581 particulae
1197 1500 1298 1560 indere

195 1607 302 1645 noerae
318 1583 429 1665 pyxidi
447 1584 577 1663 deberet,
599 1589 709 1665 reperit
728 1590 763 1645 in
779 1609 815 1646 ea
830 1587 1042 1666 putrefactum
1056 1589 1141 1645 tanti
1155 1589 1299 1666 temporie

195 1691 297 1741 mero,
319 1673 375 1749 qui
388 1673 416 1729 ei
430 1691 512 1730 anno
525 1675 677 1751 superiori
680 1673 792 1748 fuerat
807 1671 947 1749 inditae,
970 1693 1093 1733 eaerum
1103 1691 1231 1751 panem.
1273 1683 1299 1730 et

131 1757 134 1763 '
192 1755 251 1814 buc
280 1775 429 1836 magnum
447 1755 632 1836 prodigium
653 1757 782 1837 quidam
800 1778 905 1838 parva
926 1760 1073 1816 mbantee
1094 1767 1298 1838 putaverunt.

194 1838 340 1900 hactenus
363 1839 416 1900 hie
437 1840 605 1916 breviator,
628 1841 713 1903 cuius
731 1843 766 1902 in
787 1843 907 1921 negotio
923 1849 1062 1924 suscepto
1074 1843 1235 1903 mamutio
1250 1861 1298 1902 ee·

196 1945 288 1986 curae
303 1925 452 1987 libertatit
464 1926 524 1987 hoe
537 1927 688 2008 specimen
700 1925 787 2005 baba,
802 1928 915 2005 leet0r3
937 1929 970 1988 in
981 1947 1042 2007 quo
1054 1929 1080 1988 si
1094 1929 1196 1988 minae
1207 1927 1301 1988 fidam

195 2012 364 2090 epitomen,
386 2022 466 2072 certe
479 2033 543 2087 non
560 2013 738 2073 immeritem
753 2031 909 2073 censuram
926 2014 1022 2075 nostri
1034 2013 1094 2074 boe
1107 2013 1180 2074 loeo
1200 2012 1299 2074 hieto-

193 2096 250 2157 rici
265 2096 400 2174 videbit,
421 2117 477 2158 nec
492 2117 705 2179 usquequaque
718 2098 920 2180 improbabit,
941 2108 979 2186 nt
991 2099 1121 2180 opinon·
1187 2139 1190 2144 -

277 2237 309 2298 p·
322 2215 363 2282 85
378 2237 408 2278 v.
424 2219 474 2280 17.
519 2217 561 2277 De
574 2217 764 2276 veneratione
777 2217 951 2296 angelorum
967 2217 1041 2277 feria
1053 2215 1145 2277 tertia
1161 2215 1297 2277 cuiusvis

144 2365 146 2374 ¹
192 2295 398 2360 hebdomadae
418 2322 435 2359 a
450 2301 788 2384 constantinopolitanis
806 2303 949 2363 celebrari
963 2303 1050 2363 solita
1062 2299 1207 2382 populari
1220 2322 1299 2361 con-

190 2405 282 2444 oureu
309 2386 348 2444 atl
373 2396 488 2463 partem
511 2387 665 2466 dexteram
683 2388 784 2464 altaris
799 2389 904 2469 templi
919 2391 950 2452 S.
963 2387 1107 2469 Sophiae,
1128 2387 1201 2447 vide
1224 2389 1300 2466 quaa¹

190 2479 303 2530 annoto
319 2471 352 2528 in
367 2471 519 2532 Glossario
536 2471 626 2534 verbo
640 2469 773 2553 ‘Oiqyob

82 2597 173 2655 9524
272 2609 305 2669 p·
320 2592 362 2654 87
376 2606 406 2649 v.
419 2589 471 2654 25.
514 2589 627 2650 lrenm.
669 2588 1299 2652 suithaecsororbtarohionieMontieier-

189 2672 250 2734 rati
273 2675 307 2733 in
331 2674 495 2754 subalpina
516 2677 664 2754 regiona3¹¹
683 2677 732 2736 cui
752 2677 839 2736 etiam
854 2676 1039 2737 deindeaine
1053 2674 1158 2736 liberis
1176 2685 1298 2735 mortuo

164 2767 167 2773 '
190 2759 271 2820 filius
281 2759 451 2820 'Andronici
466 2779 505 2819 ex
518 2759 728 2822 hoc-secundo
743 2771 833 2824 natm
844 2760 1003 2842 coniugio,
1024 2769 1059 2822 ut
1076 2768 1299 2842 posteanoster

190 2844 296 2921 docet,
318 2845 386 2906 iura
399 2848 703 2908 materuoauoeeeait.

232 3013 233 3016 ,
277 2951 462 3026 Ρ.93ν.10.
506 2968 528 3005 a
541 2951 668 3007 cunctis.
711 2949 814 3008 cuncti
830 2946 1041 3026 nimirum'qui
1053 2945 1191 3023 aderaut,
1205 2966 1297 3029 prae-

118 3073 121 3080 ,
191 3040 239 3091 ter
258 3031 388 3091 Veccum
413 3041 444 3092 et
465 3032 693 3093 archidiaconos
700 3031 956 3114 „praeoccupatis
975 3031 1134 3092 schismate
1149 3043 1180 3093 et
1194 3051 1297 3093 errore

193 3117 300 3175 animia
320 3115 492 3178 iudicabant
518 3118 565 3177 de·
577 3119 726 3198 praesenti
745 3119 967 3179 controversia:
989 3117 1175 3178 aliteranim
1198 3139 1297 3188 num-

193 3219 282 3280 quam
294 3201 400 3260 valtde
412 3215 441 3260 et
454 3201 692 3262 ineluctabiliter
705 3201 869 3284 disputata
882 3202 1081 3278 censuissent,
1102 3221 1181 3284 quae
1194 3202 1297 3263 Tbeo-

193 3285 287 3345 dorus
301 3287 417 3346 Murato
429 3287 485 3348 ‘bie
498 3290 630 3350 refertur
641 3291 805 3370 protulisse
815 3307 938 3370 prorsus
953 3281 1106 3351 babeam
1124 3297 1156 3348 et
1169 3307 1233 3348 aeae
1245 3289 1295 3347 io·

191 3371 286 3430 vicem
307 3371 498 3437 destruentia.
540 3371 604 3432 duo
619 3375 698 3434 enim
713 3374 862 3449 affirmat,
884 3374 988 3453 prius,
1012 3393 1045 3433 ee
1058 3393 1221 3451 agnoscere
1238 3391 1296 3452 pro

81 3481 84 3497 ·
190 3475 262 3518 vera
284 3457 457 3520 Damasceni
477 3458 654 3520 'sententiam
677 3481 693 3518 a
717 3461 816 3520 Veeco
836 3459 1009 3536 allegatam,
1030 3477 1089 3536 qua
1099 3457 1126 3517 ie
1138 3459 1169 3517 S.
1186 3457 1296 3517 doctor

191 3542 322 3602 affirmat
334 3556 457 3623 patrem
473 3565 535 3602 eeae
545 3544 762 3624 productorem
771 3567 828 3625 per
841 3543 963 3604 verbum
977 3544 1181 3602 enuntiatorii
1192 3544 1295 3622 Spiri-
1336 3579 1341 3590 ·

190 3637 261 3702 tue,·
283 3629 427 3705 alterum,
448 3647 480 3688 se
496 3639 595 3688 menan
617 3651 681 3690 nou
702 3631 858 3691 admittere
878 3631 1031 3708 §piritum
1047 3650 1106 3708 per
1122 3627 1250 3686 verbum
1268 3635 1295 3684 et

182 3713 293 3790 filium
306 3717 456 3793 originem
468 3735 503 3772 ex
511 3725 603 3793 patre
614 3715 740 3776 trabere.
782 3715 866 3794 atqui
879 3716 955 3773 eitra
967 3715 1061 3780 ullam
1075 3712 1295 3772 dubitationem

105 3875 107 3878 Ι
190 3807 244 3874 eat,
261 3799 403 3876 originem
417 3801 567 3878 passivam
580 3819 618 3859 ex
632 3821 727 3884 aequo
740 3793 923 3881 respondere
937 3798 1046 3878 origini
1061 3798 1194 3873 activam
1215 3797 1296 3856 unde

188 3883 242 3960 qui
259 3883 394 3943 admittit
410 3885 493 3944 ietud
515 3895 661 3950 assertum
677 3885 828 3967 producit
840 3895 932 3966 pater
938 3905 996 3964 per
1002 3885 1115 3963 filiurn
1130 3885 1299 3961 Spiritum,

188 3968 311 4027 nonniei
330 3989 400 4030 cum
417 3968 630 4032 absurdissime
644 3971 891 4052 inconsequentia
903 3982 1010 4047 negare
1026 3978 1125 4050 potest
1137 3966 1198 4027 boc
1211 3967 1295 4027 aliud

188 4053 326 4130 Spiritue
338 4056 479 4114 Sanctae:
480 4055 667 4135 producitur
683 4070 806 4138 apotre
815 4055 997 4137 perfilium.
1031 4053 1185 4133 quomodo
1203 4052 1297 4132 igitur

186 4145 249 4196 tam
276 4139 433 4199 manifesta
457 4134 667 4223 eicottoymrla
689 4145 829 4224 plausum
851 4139 1004 4200 ecunctis
1026 4138 1212 4198 adeuntibus
1232 4157 1296 4196 ωο-

186 4221 273 4278 ruit'i
296 4224 353 4282 nisi
375 4223 458 4303 quod
476 4225 680 4306 praeiudicato
697 4249 786 4289 senaa
800 4225 956 4306 sapiebant
969 4234 1000 4284 et
1014 4224 1124 4284 similes
1143 4222 1297 4282 habebant

185 4301 271 4374 labra
286 4307 433 4370 lactucas.
476 4331 567 4390 quam
587 4332 661 4374 mox
681 4312 818 4398 qdinngit
837 4312 957 4373 Muealo
979 4309 1055 4372 dicti
1068 4308 1119 4370 aui
1133 4307 1297 4385 rationem,

119 4647 151 4724 „l
172 4535 274 4663 Ὗ
