2798 4786
209 347 284 419 too
400 355 431 414 .·
520 347 710 418 cronon·
724 349 988 418 armamenta

205 516 306 600 σμοδς
320 516 518 594 ἐπικλασθεὶς
534 516 568 584 ἐκ
589 523 651 588 τῶν
672 514 799 604 θρήνων
814 527 869 604 τῆς
884 515 1027 605 γυναικός
1033 569 1043 601 ,
1064 519 1237 586 ἀντιλυπεῖν
1251 520 1309 602 μέν

204 622 262 704 τὴν
285 627 382 705 γραῦν
399 618 695 708 παραμυθήσασθαι
715 625 749 688 δέ
770 623 827 707 τὴν
850 627 932 690 ίδίαν
953 625 986 690 ἐκ
1009 629 1066 708 τῆς
1090 623 1167 708 πρὸς
1192 623 1314 706 ἐκείνην,

203 722 324 808 ὕβρεως
336 725 480 790 ἐδικαίου.
533 727 583 789 καί
599 725 637 809 δὴ
654 727 769 810 ἐκείνην
784 727 841 808 μέν
855 725 910 792 οὐκ
923 723 984 808 είχέ
997 752 1026 792 τι
1042 727 1214 792 διαθέσθαι
1231 723 1309 810 dvri-

203 851 328 906 κεστον,
356 826 459 911 εὐγενῆ
480 852 514 894 τε
535 821 632 895 οὖσαν
655 831 706 893 καί
726 826 858 912 μάμμην
881 829 1074 914 λογιζομένην
1100 835 1145 918 τῷ
1168 815 1307 910 βασιλεῖ·

205 926 263 1014 εἶχε
278 927 313 994 δ’
330 932 439 996 olarios
454 931 549 1014 ἐκείνη
569 935 806 998 Κωνσταντῖνον
826 929 1051 1017 Μουροζάμην
1072 931 1333 1014 εδνομαομίνον,5

205 1025 290 1121 ritis}
312 1040 361 1098 κοί
382 1039 578 1116 συγχρῆσθαι
598 1033 678 1099 κατά
699 1037 802 1119 κοίτην
815 1038 948 1121 κρυφίου
969 1036 1096 1119 ἐλέγετο.
1148 1037 1199 1100 καί
1211 1041 1308 1101 τοῦτο

167 1147 192 1201 lt
209 1135 247 1220 δὴ
260 1141 380 1218 μᾶλλον
399 1129 437 1220 ἦν
449 1137 486 1202 sd
503 1139 614 1202 δοκοῦν
628 1137 730 1226 ἐκείνην
745 1132 862 1223 σορόν,
893 1137 947 1224 ἐφ’
962 1129 987 1228 ᾧ
1005 1138 1210 1220 ἀπαρνουμένου
1229 1139 1311 1204 ἐκεί-

103 1253 105 1262 “
206 1265 262 1304 νου
284 1237 304 1323 ἡ
326 1237 398 1305 κατ’
423 1240 538 1322 ἐκείνης
555 1237 768 1324 άποτρίχουσα
790 1238 880 1320 βάξις
897 1242 930 1306 ἐκ
943 1248 1006 1306 τῶν
1029 1244 1171 1307 δυνατῶν
1185 1247 1309 1325 θριομι

203 1339 337 1426 βεάοιτο.
380 1342 507 1423 πέμψος
516 1329 591 1428 γοῦν
604 1341 714 1410 cirtae
729 1345 779 1408 xci
794 1343 945 1428 περισχὼν
956 1343 1010 1411 τὸν
1023 1343 1192 1428 άνθρεοπον
1208 1345 1308 1428 μηδέν

203 1451 267 1512 τῶν
291 1444 494 1529 πραχθέντων
515 1443 638 1526 είδάτα,
670 1455 782 1530 γυμνοῖ
801 1472 835 1512 τε
861 1445 991 1529 πάμπαν
1012 1445 1129 1529 ἀτίμως
1151 1448 1202 1512 καί
1224 1446 1306 1512 κατά
1316 1465 1348 1518 1⁰

203 1554 307 1614 πᾶσαν
322 1546 438 1632 άγορδν
452 1547 653 1632 θριαμβεύειν
664 1559 728 1626 τοῖς
745 1549 864 1625 οἰκείοις
886 1546 1089 1636 προστάσσει·
1117 1547 1183 1632 ἅμα
1198 1548 1237 1632 δὴ
1255 1551 1313 1614 καί

204 1649 323 1735 πληγὰς
344 1647 445 1726 δεινάς
467 1677 501 1716 τε
514 1655 565 1716 καί
586 1657 729 1729 πλείστας
753 1653 940 1722 ἐκτείνουσα,
977 1659 1070 1718 τοῦτο
1085 1649 1240 1738 γινόμενον
1253 1654 1307 1716 καί

202 1753 363 1836 άνινεχθέν
376 1759 513 1835 βασιλεῖ,
539 1755 636 1830 πολδς
650 1748 690 1838 ἦν
705 1757 815 1831 ἐκεῖνος
831 1755 887 1838 τὴν
905 1751 1024 1836 τόλμαν
1041 1757 1073 1820 ἐν
1094 1757 1182 1844 δεινῷ
1196 1751 1307 1822 nonori-

93 1874 117 1929 Ρ
134 1873 183 1930 105
199 1881 310 1940 μενος,
342 1859 393 1922 καί
407 1853 582 1940 άχθάμενος
595 1858 635 1924 τά
649 1855 766 1942 μεγάλα
781 1862 807 1923 εί
821 1857 918 1924 αὐτοῦ
933 1858 1085 1940 βασιλίοις
1099 1859 1306 1942 ἐνδημοῦντας

198 1961 296 2045 μηδὲν
314 1961 448 2042 μηδενὸς
469 1963 581 2037 ἐκεῖνος
609 1963 806 2047 ἐπιστραφείς
826 1968 928 2026 ταῦτα
948 1958 1098 2046 πράττοι,
1129 1964 1179 2026 καί
1202 1967 1305 2026 ταῦτα
1314 1975 1346 2030 15

197 2063 283 2147 παρά
300 2059 446 2146 τοιαάτην
461 2066 572 2129 αέτίον.
612 2061 697 2147 ὅμως
711 2064 784 2138 roric
798 2063 923 2147 θυμοδς
937 2064 1100 2148 κατασχὼν
1115 2063 1304 2150 προσέταττε

197 2166 255 2250 τὴν
268 2168 432 2250 ταχίστην,
460 2169 509 2232 καί
523 2164 613 2248 μόλις
628 2169 683 2246 μὲν
704 2166 778 2231 ἀλλ’
798 2165 882 2249 ὅμως
904 2164 1073 2251 νικηυάσης
1086 2173 1141 2249 τῆς
1161 2167 1305 2243 ἐξουσίας

197 2271 413 2355 ἐλευθεροῦται
442 2266 718 2354 ὅτιμαροδμενος.
771 2270 912 2336 ἐντεῦθεν
936 2273 987 2334 καί
1009 2277 1101 2353 μῆνις
1118 2269 1196 2350 μετὰ
1208 2267 1310 2350 χόλον.

197 2371 347 2458 ἐντετήκει
371 2378 417 2462 τῷ
441 2378 579 2453 βασιλεῖ,
614 2375 666 2437 καί
690 2372 774 2438 δεινά
793 2371 920 2460 ἔστρεφε
941 2379 1008 2448 πῶς
1020 2371 1058 2438 ἂν
1075 2373 1231 2456 τοπεινοίη
1248 2371 1309 2438 τὸν.

199 2549 255 2588 cum
272 2531 408 2604 exquisivit
426 2551 504 2602 aegre
521 2533 631 2588 faciendi
646 2533 749 2588 vetulae
766 2551 798 2587 ea
814 2534 864 2604 ipsi
880 2534 1028 2606 reponendo
1044 2533 1209 2598 contumelia,
1236 2551 1305 2604 quae

198 2602 253 2657 acri
269 2603 309 2655 sui
326 2619 402 2655 seusu
420 2603 653 2674 Strategopulinam
670 2604 722 2656 alte
737 2607 874 2656 vulnerans
893 2606 935 2657 vel
954 2613 1129 2674 compensaret
1153 2606 1194 2656 vel
1210 2619 1305 2656 conso-

197 2672 296 2726 laretur
319 2671 457 2724 molestiam
478 2689 530 2754 qua
553 2687 609 2724 cum
632 2673 690 2742 ipss
713 2679 767 2724 turn
791 2673 884 2726 coniux
906 2674 1017 2726 fuissent
1033 2691 1065 2726 ex
1083 2673 1136 2726 eius
1155 2676 1304 2741 contemptu
1346 2717 1347 2720 ,

198 2739 354 2795 contristati.
389 2757 420 2793 ac
442 2739 467 2792 in
483 2757 566 2810 rpsom
587 2740 691 2811 quidem
708 2742 824 2812 protinus
841 2759 943 2795 exosum
962 2749 1040 2811 caput
1064 2741 1128 2793 iram
1151 2757 1304 2809 expromere

198 2826 250 2864 uon
267 2809 359 2879 potuit,
375 2809 503 2862 reveritus
519 2827 652 2879 personam
668 2810 802 2863 nobilitate
819 2827 866 2863 sua
882 2819 973 2875 tutans,
991 2820 1019 2864 et
1035 2809 1162 2864 affinitate
1178 2809 1305 2880 principis
1390 2871 1392 2874 ,

199 2877 421 2934 commendabilem
438 2885 490 2930 tam
513 2884 571 2932 arta
589 2886 620 2931 ut
641 2878 717 2932 aviae
738 2878 819 2948 ipsam
845 2880 990 2948 dignatione
1007 2881 1136 2948 Augustus
1160 2895 1306 2948 proseque-

198 2957 280 3001 retur.
316 2965 403 3001 verum
420 2965 476 3000 cum
495 2953 565 3001 esset
580 2948 639 3002 buic
655 2948 769 3001 minister
785 2949 938 3002 domesticus
955 2947 1048 3018 oppido
1065 2965 1153 3011 carus,
1171 2947 1305 3000 Consus-

198 3016 269 3070 tinus
286 3017 464 3071 Maurosomas
480 3017 594 3082 nomine,
618 3035 669 3087 qno
687 3018 744 3070 viro
761 3018 794 3070 ad
811 3019 886 3070 loeda
902 3018 1026 3086 obsequia
1040 3027 1198 3070 secretarum
1214 3016 1303 3069 libidi-

197 3103 256 3139 num
274 3103 338 3140 suus
355 3084 427 3138 abuti
444 3085 592 3154 serebatur,
610 3085 748 3156 percellide
764 3101 793 3138 se
809 3087 935 3139 iacturum
952 3087 1075 3150 credidit,
1091 3085 1114 3138 si
1132 3086 1228 3138 amasio
1245 3101 1305 3138 mu·

196 3155 265 3208 lieris
281 3172 355 3223 quaro
374 3155 465 3207 oderat
480 3154 573 3223 insigni
591 3156 716 3208 dedecore
739 3155 897 3208 traducendo
920 3173 969 3207 non
992 3155 1071 3206 solum
1095 3154 1144 3222 ipsi
1163 3153 1306 3207 cordolium

197 3241 230 3277 ex
247 3224 311 3277 malo
328 3224 414 3277 dilecti
430 3241 510 3292 greve
526 3226 660 3290 incuteret,
680 3223 725 3276 sed
743 3230 770 3276 et
787 3224 853 3276 clam
869 3225 988 3276 iactatam
1006 3223 1174 3292 popularibus.
1188 3224 1304 3276 susurris

195 3295 339 3346 obscoenae
357 3311 413 3345 cum
431 3295 478 3346 boc
495 3293 587 3346 serraulo
605 3293 795 3346 consuetudinis
820 3292 948 3345 infamiam
965 3292 1158 3360 frequentandis
1175 3291 1208 3344 de
1225 3291 1303 3344 huius

194 3362 404 3414 dehonestatione
427 3363 585 3415 sermonibus
609 3361 761 3414 eventilaret
777 3379 808 3414 ac
825 3362 902 3414 latius
919 3369 1067 3428 spargeret,
1083 3361 1191 3413 maximo
1208 3377 1305 3427 suape-

194 3439 253 3483 otae
270 3431 361 3499 flagitii
378 3438 430 3483 tarn
448 3431 561 3499 pudendi
583 3431 729 3502 principalis
753 3439 884 3484 matronae
907 3429 1026 3483 ludibrio.
1061 3427 1196 3483 confestim
1220 3429 1304 3496 igitur

192 3498 311 3552 immissis
328 3500 354 3552 in
371 3499 557 3552 Mauroaomam
581 3499 641 3552 nibil
658 3501 739 3552 minus
756 3507 933 3567 expectantem
955 3499 1066 3552 robustis
1083 3517 1098 3551 e
1115 3515 1161 3550 sno
1179 3497 1303 3551 satellitio

191 3567 327 3621 lictoribus
344 3568 438 3638 corripi
456 3569 573 3621 misenam
597 3585 628 3620 ac
649 3568 756 3638 spoliari
781 3570 866 3632 iubet,
890 3576 996 3638 totoque
1012 3571 1069 3620 soro
1086 3569 1161 3621 foede
1177 3567 1304 3621 nudatum

191 3637 279 3691 multis
302 3638 407 3706 insuper
432 3656 464 3690 ac
480 3639 604 3705 gravibus
623 3638 706 3708 plagis
721 3637 828 3691 indietis
845 3637 1079 3705 ignominiosissime
1096 3635 1205 3689 traduci.
1240 3635 1304 3688 vul·

192 3715 256 3776 pets
272 3715 398 3760 momento
416 3707 454 3758 rei
480 3710 546 3760 lama
563 3707 714 3827 perlatoque
739 3707 771 3761 sd
793 3706 973 3776 imperatorem
992 3707 1051 3776 quid
1078 3705 1216 3758 familiares
1232 3703 1304 3756 Por-

193 3775 356 3846 pbyrogeniti
372 3777 442 3828 iussu
460 3777 515 3828 eius
533 3795 566 3847 pa
577 3794 617 3828 am
634 3782 820 3839 attentassent,
837 3775 964 3828 enimvero
982 3783 1064 3828 nsotus
1082 3773 1124 3826 ille
1142 3791 1192 3826 non
1209 3789 1304 3842 parum

194 3853 251 3910 est,
275 3844 410 3914 indigneris
437 3846 600 3898 vehementer
623 3846 684 3896 nibil
708 3846 845 3898 reveritum
862 3846 1031 3913 praesentiam
1055 3841 1217 3912 imperatoris
1239 3849 1305 3894 ten·

194 3921 249 3966 tum
269 3931 326 3967 esse
344 3931 431 3968 ausum
449 3914 705 3983 Porphyrogenitum.
741 3920 826 3966 tamen
851 3931 997 3983 compressa
1015 3913 1041 3964 in
1058 3928 1181 3982 praesens
1196 3911 1236 3963 ira
1254 3911 1306 3964 mi-

194 3982 229 4034 sit
254 3983 375 4036 celeriter
397 3983 442 4052 qui
465 3983 654 4036 lilanrozoroam
675 3985 830 4051 impeterent
853 3981 948 4035 dimitti
970 3983 1095 4046 liberum3
1124 3979 1191 4050 quod
1221 3995 1305 4046 aegre

194 4050 313 4119 quidem,
339 4053 443 4106 tandem
469 4061 554 4106 temen
583 4051 748 4120 praevalente
779 4051 934 4105 auctoritate
958 4068 1055 4104 summa
1082 4051 1223 4121 perlectum
1247 4057 1303 4103 est.

194 4117 254 4172 binc
270 4121 320 4174 iam
336 4129 397 4190 post
414 4121 521 4191 primam
536 4121 605 4173 illam
622 4122 779 4188 eruptionem
806 4119 1033 4174 excandescentiae
1049 4127 1169 4172 constans
1185 4117 1305 4170 oiiensae

113 4243 115 4250 ¹
194 4189 334 4243 voluntatis
357 4190 458 4243 eversio
484 4195 626 4258 somatum
649 4189 805 4242 abalienavit
830 4207 848 4244 a
868 4205 1010 4258 germano,
1036 4205 1193 4258 versareque
1215 4185 1303 4239 animo

193 4257 274 4309 sumit
288 4257 396 4312 consilia
413 4258 571 4329 deprimendi
588 4260 644 4310 eius
661 4276 737 4328 quem
758 4275 837 4328 supra
861 4259 960 4312 modum
977 4257 1083 4311 ridebat
1101 4255 1203 4310 efferri:
1226 4270 1304 4308 susm

193 4325 290 4396 quippe
306 4327 333 4382 in
349 4327 524 4384 coutumeliam
540 4327 686 4382 redundare
709 4328 929 4400 interpretabatur
951 4327 1035 4382 audax
1059 4327 1114 4382 eius
1136 4325 1248 4389 tamum.
1274 4333 1306 4378 et
