2774 4784
196 269 271 342 758
493 263 728 337 OBSERVAT.
753 261 992 382 PdOEfflR.

196 455 281 499 more
296 431 422 514 antiquo
433 431 461 492 is
473 429 552 494 ritus
574 431 799 508 observaretur,
820 427 878 492 sed
893 427 933 492 ad
945 425 1166 490 indioafionsm
1180 443 1307 507 praees·

199 525 320 585 dentem
339 537 484 600 vesperae
500 535 676 598 parasceues
695 514 760 576 sive
782 525 885 576 sextae
905 513 1012 590 leriae,
1033 513 1159 594 quando
1170 511 1233 572 ism
1247 531 1305 571 usu

200 604 401 669 ecclesiastico
419 601 575 663 sabbatum
590 601 811 682 postridiauum
830 598 969 660 incbosri
981 599 1182 671 metetur,
1208 595 1304 676 siqui-

199 692 268 752 dem
282 689 397 750 cunctis
408 686 662 748 hebdomadarum
676 686 809 746 omnium
819 685 952 746 sabbatis
957 685 1080 745 ecclesia
1093 685 1213 742 Graeca
1218 701 1302 744 mor-

198 786 320 836 tuorum
338 772 510 834 memoriam
527 771 686 832 recolebat.
725 768 787 832 hoo
801 771 891 832 docet
905 791 961 830 nos
980 769 1157 829 Gennadius
1170 767 1302 848 patriar-

201 860 259 920 cba
269 859 349 919 libro
363 857 401 918 sle
420 856 598 935 Purgatorio
614 855 658 916 sio
676 854 824 918 emilseus:
850 849 956 936 densis
976 848 1118 918 ἆσιῖνετσί
1138 851 1222 930 ἐστε,
1249 845 1309 915 sal·

202 939 261 1010 oc’e
275 943 382 1026 ἔγνωτε
391 935 475 1023 'insi
491 945 547 1005 rosi
563 944 697 1022 Χριστοῦ
709 939 852 1020 hescelo
872 937 990 1021 εὔχεται
1003 933 1052 1002 olei
1063 935 1144 1020 sirio
1155 959 1301 1017 maspe-

201 1028 318 1112 ptem,
344 1027 398 1091 sal
416 1022 493 1092 me
516 1029 580 1090 ersis
603 1019 757 1107 σάββατον
780 1020 883 1106 μόνος
901 1023 971 1106 srepl
989 1028 1051 1088 reis
1066 1026 1180 1124 poprie
1192 1024 1301 1103 evasa

200 1119 347 1192 srossires,
368 1111 421 1176 esai
439 1108 582 1196 σαββάτῳ
601 1109 645 1174 irs
662 1108 710 1184 dle
726 1114 783 1174 rosi
801 1109 943 1174 brumosi
959 1105 1025 1192 dp·
1042 1130 1218 1189 ramponis
1232 1105 1301 1210 eropi

201 1191 323 1280 adme
338 1201 449 1278 ’Μῶν
461 1197 585 1277 pecu,
612 1194 648 1258 ev
658 1198 703 1280 ep
717 1191 778 1276 rol
789 1198 844 1294 γῆς
854 1189 1099 1294 Maecenas·
1111 1190 1166 1256 πὶ
1182 1195 1229 1276 a?
1242 1213 1301 1272 ¹s⁰

97 1294 120 1347 ι·
137 1294 189 1352 544
206 1285 427 1364 Πεηηκοστῆς.
469 1277 577 1340 adbuc
598 1290 626 1338 et
636 1300 692 1339 voe
704 1282 771 1338 eine
786 1279 941 1339 mtellectss
951 1290 1045 1354 ertu,
1074 1289 1101 1337 et
1114 1298 1178 1337 nost
1190 1297 1303 1357 eogno-

200 1371 293 1428 virts'e
307 1367 424 1428 eluisti
437 1367 596 1425 eccleciam
609 1385 698 1424 orare
712 1385 827 1445 semper
837 1385 898 1445 pro
916 1367 957 1424 iis
968 1366 1025 1445 qui
1039 1359 1249 1436 dormierunt,
1275 1371 1305 1420 st

197 1476 254 1535 per
271 1473 357 1512 ossone
369 1451 533 1512 adamum
548 1451 836 1528 munoriumsccers
846 1450 974 1509 solitum
989 1451 1176 1508 undnarusss.
1215 1467 1306 1527 prus·

203 1551 343 1618 terraque
355 1536 403 1596 bie
417 1539 452 1594 iss
464 1555 551 1604 ¹nrsreo
561 1537 746 1615 panegyrim
758 1535 905 1594 celebrare
923 1534 1218 1594 commemorationis
1232 1534 1306 1592 assi·

203 1643 325 1684 mursem
334 1668 346 1698 ,
372 1622 520 1680 ninss'nsm
543 1619 669 1680 subbato
683 1617 881 1701 praecedente
896 1617 1082 1680 dominicam
1095 1617 1306 1696 Cunsieprs‘ssii

202 1718 232 1768 et
245 1706 374 1766 rabioso
390 1715 463 1766 unte
479 1707 682 1768 Pentecosten.
723 1703 798 1766 baec
811 1705 994 1770 Gennadius.
1036 1723 1135 1764 annus
1155 1723 1219 1782 quo
1233 1722 1305 1762 eon-

201 1791 271 1872 tigit
282 1789 342 1852 hoc
355 1789 424 1850 loco
437 1800 554 1850 narrata
566 1787 734 1850 Andronici
745 1788 983 1850 Thessalonicam
996 1788 1157 1870 profectio,
1173 1797 1213 1847 nt
1226 1787 1307 1846 inira

202 1877 225 1936 l.
245 1879 308 1942 Sc.
322 1881 344 1942 7
359 1875 531 1949 ostendam,
553 1874 612 1934 luit
632 1873 743 1934 Christi
762 1878 853 1940 1299.
895 1874 948 1954 qui
966 1895 1063 1952 annus
1079 1893 1149 1934 cum
1165 1891 1307 1933 nm

203 1961 283 2020 verit
298 1961 420 2041 cyclum
433 1959 505 2020 solia
518 1963 572 2036 20,
586 1959 635 2020 cui
650 1958 795 2040 competit
807 1959 893 2020 litera
910 1959 1002 2020 index
1015 1958 1184 2019 dominicae
1198 1959 1244 2035 ll,
1258 1957 1307 2018 in-

202 2043 351 2124 telligitur
362 2044 413 2105 hic
425 2052 620 2106 memoratam
631 2043 736 2104 leriam
750 2053 863 2104 extem
874 2044 997 2105 ineunte
1010 2043 1173 2105 Februario
1185 2042 1224 2102 in
1237 2063 1307 2104 sex-

204 2139 272 2190 tum
289 2129 444 2191 Februarii
468 2129 547 2190 diem
570 2127 723 2192 incidisse.
766 2129 827 2190 tuit
846 2148 918 2208 ergo
939 2129 1011 2191 talis
1030 2128 1090 2190 diei
1114 2128 1307 2210 vespertin-

205 2213 314 2276 cboata
327 2213 569 2276 commemoratio
581 2211 793 2274 defunctorum
807 2233 889 2276 mere
902 2210 1152 2289 hebdomadaria,
1173 2234 1242 2273 non
1251 2233 1309 2274 au-

204 2309 266 2359 tem
281 2319 342 2359 nna
357 2319 394 2359 ex
408 2298 587 2358 solemnibus
602 2307 790 2360 mertuorum
805 2299 1023 2380 panegyribus,
1045 2318 1120 2378 quse
1134 2297 1201 2375 bis,
1223 2307 1261 2358 ut
1271 2317 1307 2358 er

206 2383 363 2444 Gennadio
377 2383 562 2454 audivimus,
582 2383 615 2445 in
629 2403 707 2442 anno
720 2383 889 2444 ceremonia
900 2383 1089 2463 exquisitiori
1103 2384 1308 2459 celebrantur,

207 2467 333 2527 sabbato
346 2467 543 2547 praecedente
558 2467 740 2527 dominicam
750 2462 901 2549 Ἀπὸκρεω
917 2469 998 2545 sive,
1019 2479 1054 2529 ut
1069 2488 1140 2528 cnm
1151 2468 1249 2546 vulgo
1263 2469 1306 2527 lo-

205 2573 292 2631 quar,
318 2552 524 2631 Consieprivs's'
539 2552 733 2627 Graecorum,
753 2573 832 2632 qnae
845 2553 990 2615 coincidit
1004 2574 1073 2614 cum
1085 2563 1189 2612 nostra
1207 2552 1307 2613 domi-

206 2637 275 2696 nica
290 2637 510 2715 Sexegesimae,
530 2645 563 2697 at
575 2635 699 2696 sabbato
713 2646 783 2698 ente
797 2640 1002 2699 Pentecosten.
1040 2658 1109 2696 nem
1123 2637 1162 2696 de
1173 2638 1304 2698 sabbeta

207 2721 330 2799 quidem
349 2723 554 2793 Pentecostes,
575 2721 649 2782 satis
670 2730 751 2802 patet
770 2743 862 2802 quam
881 2744 1013 2785 amensa
1025 2721 1187 2783 Februario
1208 2743 1304 2783 remo-

207 2815 272 2866 tum
287 2807 336 2870 sit.
372 2805 527 2867 sabbitum
540 2815 638 2866 autem
652 2805 817 2870 dominicae
830 2808 1027 2890 carnisprivii
1043 2809 1234 2869 Graecorum
1244 2809 1304 2868 sive

208 2891 428 2970 sexagesimae,
453 2891 508 2952 illc
531 2910 612 2952 anno
632 2886 744 2952 Pesoba
765 2899 805 2962 19
816 2893 929 2974 Aprilis
946 2893 1074 2955 habente
1081 2936 1092 2970 ,
1111 2892 1173 2953 luit
1182 2892 1251 2953 dies
1263 2897 1303 2957 21

207 2973 382 3053 Februarii,
403 2996 480 3056 quae
494 2975 534 3035 ad
551 2979 721 3056 Ληναιῶνα
743 2974 922 3059 ἐνεστηκότα
943 2983 1093 3038 imarum
1101 2976 1304 3037 Februarium

207 3059 295 3119 nullo
308 3070 398 3141 pecto
409 3061 550 3142 pertinet.
592 3071 698 3122 notum
714 3063 827 3144 qnippe
847 3063 920 3124 eatis
937 3063 1038 3124 decem
1054 3071 1174 3122 tantum
1188 3064 1304 3142 primos

208 3142 351 3223 cuiusque
362 3145 471 3206 mensis
487 3145 549 3206 dies
563 3145 621 3206 ists
637 3141 733 3227 μηνὸς
745 3143 937 3229 ἐνεστηκότος
947 3151 1059 3209 menete
1071 3151 1209 3206 ιἠιιιτισίσ
1225 3147 1305 3229 apud

209 3229 340 3289 Graecos
360 3229 563 3308 appellatione
581 3229 751 3310 designari3
779 3253 849 3292 cum
867 3234 919 3313 qui
940 3232 1169 3332 sequuntur'ed
1191 3237 1237 3300 20
1258 3253 1304 3312 με·

207 3312 1076 3486 attttttttttttettittf'ttellttttt?
1087 3316 1304 3462 illidii

208 3481 353 3542 dinarium
373 3492 404 3544 et
424 3481 686 3547 hebdomadarium
707 3486 865 3548 dumtaxat
884 3490 975 3550 luisse
990 3488 1070 3548 hanc
1088 3507 1305 3546 commemora-

207 3565 320 3626 tionem
332 3576 535 3647 mortuorum,
555 3570 669 3632 indicet
680 3581 783 3632 noster
803 3572 984 3650 historicus,
997 3573 1068 3634 dum
1087 3592 1153 3632 non
1169 3593 1305 3652 πανηγυ-

208 3650 373 3749 ριζομένωτ
392 3652 445 3715 sed
462 3655 737 3736 μνημσνενομένων
753 3655 811 3718 boc
830 3658 899 3720 loco
919 3662 982 3721 eois
1001 3655 1228 3736 κεκοιμημένων
1241 3675 1305 3715 me·

204 3737 306 3796 menie.
346 3739 528 3801 mentionem
550 3760 643 3820 porro
664 3739 715 3800 hic
735 3743 844 3802 factam
857 3763 1050 3804 accensurum
1072 3743 1187 3814 lacum,
1215 3761 1305 3820 quam

199 3839 262 3899 ego
276 3820 310 3881 in
325 3821 572 3904 interpretatione
587 3825 624 3885 ad
638 3825 873 3887 ecclesiasticum
888 3849 976 3889 usum
992 3849 1112 3904 revoco,
1133 3847 1198 3885 non
1210 3825 1307 3886 deerit

207 3907 287 3966 torte
299 3907 352 3986 qni
363 3909 528 3970 contendet
541 3908 580 3968 ed
601 3929 681 3971 mere
699 3912 817 3972 civilem
835 3915 1022 3974 referendam
1045 3911 1136 3972 luisse
1148 3911 1305 3973 rationem.

208 3993 361 4052 enimvero
378 4011 435 4052 neo
447 4013 500 4072 ego
513 3994 618 4073 ignoro
633 3996 686 4056 toli
702 3997 878 4076 plerumque
894 3998 1048 4062 locutione
1066 3997 1217 4074 designari
1227 4005 1306 4056 tem-

206 4093 265 4153 pue
280 4095 422 4156 vesperae
439 4079 559 4139 adultae
574 4099 671 4160 usqne
686 4083 725 4140 ad
743 4081 802 4142 ism
821 4075 1058 4145 increbescantes
1080 4081 1218 4142 tenebras
1237 4089 1306 4162 post

206 4179 344 4220 occasum
359 4163 447 4240 solis,
468 4165 587 4242 qnando
609 4163 648 4224 ad
662 4168 863 4228 neumam-ium
884 4168 1007 4228 videndi
1023 4185 1126 4240 usum,
1149 4166 1234 4226 intra
1247 4165 1306 4225 do-

204 4261 269 4303 mos
281 4247 457 4325 praesertim
470 4251 550 4312 laces
565 4249 779 4316 accenduntur.
822 4254 876 4316 sed
890 4253 1000 4334 siquis
1015 4251 1157 4314 attentius
1172 4259 1308 4333 reputet,
