2798 4786
207 341 280 413 176
521 339 700 416 cronon
724 339 989 432 uscuruuurs

205 511 286 594 ἄξιοι
307 510 495 597 λειτουργίας
512 508 676 596 τοιαύτης,
703 511 756 582 διὰ
775 517 869 580 τοῦτο
891 504 1130 597 παραιτούμεθα
1153 511 1205 576 καὶ
1222 503 1311 594 ἡμεῖς

166 630 189 684 Β
206 615 321 691 αύτούς
335 615 414 698 μετὰ
430 621 491 698 τῆς
510 611 756 701 ἀρχιερωσύνης,
783 617 835 680 καὶ
851 613 883 681 εἷ’
891 640 921 680 τι
934 611 1128 700 η’γνοήσαμει
1143 611 1161 697 ἢ
1179 616 1231 678 καί
1248 617 1312 679 διε·

205 716 395 808 πραξόμεθα
414 717 472 806 ἔξω
485 725 541 784 τοῦ
559 717 741 806 πρίποιτος,
769 721 915 802 sirenaeo
931 715 1135 803 συγχώρησιν,
1163 719 1216 783 καί
1228 713 1312 800 όμᾶς

206 822 223 891 ό
245 819 351 908 κύριος
369 817 583 907 συγχωρήσω,
611 825 661 888 καί
675 823 712 889 τό
732 821 891 908 συμφίρον
904 821 1043 906 παρίξει,
1066 823 1116 887 καί
1132 817 1312 910 κυβερνήσει

206 925 422 1013 ἀμφοτέρους,
451 927 501 990 καί
526 925 655 1006 ποιμένα
672 924 784 1008 ὄψεται
799 923 854 992 τόν
869 920 1018 1010 ἁρμόδιον
1024 972 1034 1004 ,
1061 925 1235 1011 πρεσβείαις
1256 930 1336 1008 τῆςό

205 1025 440 1114 θεομήτορος.”
490 1024 548 1111 είχε
568 1028 612 1094 δι’
629 1026 814 1115 ύπογραφῇς
830 1027 867 1094 τό
896 1023 1110 1104 “Ἀθανα’σιος
1127 1024 1312 1112 όχρηματί-

206 1157 267 1208 σας
288 1130 526 1216 ύρχιεπίσκοπος
547 1128 904 1208 Κωνσταντινουπύλεως
923 1128 1142 1216 νίαςῬύμης,
1169 1134 1312 1216 οίκουμε-

205 1235 289 1314 νικός
306 1232 535 1321 πατριύρχης.”

312 1344 423 1404 Ταῦτα
443 1337 483 1402 τό
507 1343 569 1404 τῶν
587 1333 777 1421 γραμμάτων
785 1387 796 1418 ,
822 1343 924 1404 ταῦτα
952 1336 992 1403 τὰ
1017 1343 1073 1422 τῆς
1095 1333 1313 1424 παραιτήσεως

204 1443 407 1510 Mersouion.
460 1436 506 1517 υίς
527 1438 678 1523 ἓννοήσειί
698 1466 744 1517 τις
764 1441 800 1508 τό
822 1438 1046 1526 ἐμφαινόμενον
1062 1447 1119 1507 τοῦ
1136 1439 1311 1527 γράφοντος
1321 1455 1354 1506 10

171 1548 460 1630 οίμπερίσκεπτον.
513 1545 564 1610 καὶ
582 1543 668 1620 ,τίως
690 1546 721 1610 τί
728 1607 730 1612 ,
744 1540 889 1626 βούλεται
912 1544 949 1610 τό
976 1541 1107 1620 “odron
1130 1541 1282 1632 ἐφρόνουν
1292 1545 1312 1575 ”

210 1651 261 1716 καί
285 1640 381 1723 αὖθις
406 1653 576 1733 “aprinos
591 1645 648 1712 ούκ
663 1644 813 1734 ἐφρόνουν
820 1696 830 1727 ,
858 1643 979 1734 μάρτυς
1001 1644 1076 1724 θεός
1084 1647 1125 1732 ,·”
1151 1650 1312 1714 τοῦτοκαὶ

207 1750 454 1840 καταποντιστὴς
473 1747 559 1832 οἶμαι
582 1749 655 1833 νηός
675 1749 763 1838 είπῃ,
790 1749 826 1828 ὃς
846 1748 1047 1835 αύτυβούλως
1063 1753 1113 1816 καί
1131 1748 1313 1835 αύτονόμως

209 1850 340 1944 κινδύνῳ
355 1847 530 1941 περιβόλλει
543 1853 601 1936 τὴν
614 1859 702 1934 ναόν,
722 1851 764 1929 uic
778 1863 914 1940 κρεῖττον
927 1854 983 1920 οὐκ
997 1848 1157 1941 ἐφρόνουν.
1186 1852 1251 1919 ἄλλ*
1270 1852 1313 1922 εί-

209 1985 264 2025 πεν
292 1956 330 2022 dio
351 1981 397 2033 τις
422 1955 500 2041 πρός
524 1955 620 2022 αύτόν
644 1955 747 2021 “dbi'
766 1949 847 2041 ἦσαν
867 1957 948 2040 μεθ’
966 1949 1009 2024 ὧν
1030 1955 1069 2023 ds
1089 1959 1140 2024 καί
1161 1964 1312 2041 συνεβου-
1321 1969 1353 2026 15

208 2058 327 2141 λεύσιο,
352 2059 399 2127 ότι
421 2059 494 2126 ούόέ
513 2057 610 2143 μόνος
629 2059 709 2126 ἄλλόν
730 2061 809 2143 μετὰ
831 2067 954 2128 πολλῶν
970 2066 1120 2143 κυβερνᾶν
1135 2055 1313 2145 ίτύχθης.”

207 2163 287 2230 ἄλλό
301 2163 337 2232 τό
352 2162 453 2250 παρόν
478 2169 501 2201 “
508 2164 637 2249 ἔκρίθην
652 2163 739 2247 γὰρ”
765 2166 842 2250 φησί
869 2171 943 2252 “spi
958 2171 1024 2253 λαῷ
1039 2159 1234 2246 ἀόύκιμος,”
1260 2167 1313 2231 καί

209 2267 246 2334 ού
262 2278 328 2345 τοΐς
345 2266 517 2353 ἀρχιερεῦσι
535 2270 586 2332 καί
601 2277 666 2342 τοῖς
680 2273 735 2351 τῆς
749 2267 910 2352 ἐκκλησίας
924 2278 1090 2352 μοιοχοῒς·
1117 2271 1196 2333 λαοῦ
1218 2262 1250 2332 d‘
1274 2268 1314 2334 ἆ-

170 2383 196 2437 1)
214 2373 422 2454 ποίοκιμασία
452 2371 484 2436 τί
508 2367 546 2436 ds
569 2369 695 2454 ίσχυρόν
725 2370 789 2452 ἴχοι
818 2373 860 2446 είς
885 2366 1077 2456 πατριάρχου
1106 2370 1313 2456 παραίτησιν,·

209 2469 481 2558 ’ίπαραιτούμεθα
506 2473 543 2564 ‚os
563 2475 615 2536 καί
636 2471 777 2548 αότούς”
804 2476 881 2560 φησί
909 2480 930 2510 ‘⁴
937 2473 1016 2556 μετὰ
1041 2459 1097 2555 τῆς
1121 2472 1355 2559 ἀρχιερωσύ-ὶῦ

207 2576 301 2660 νης.”
354 2575 390 2640 ού
414 2571 532 2661 θρόνον
554 2577 604 2640 καί
622 2575 713 2658 τιμὴν
734 2585 946 2661 παραιτεῖται,
972 2575 1053 2641 ἀλλὰ
1078 2575 1153 2641 λαόν
1176 2575 1313 2646 ἄτακτον

209 2681 261 2746 καί
283 2677 409 2762 α’πειθῆ.
462 2672 592 2762 πότερον
612 2679 645 2744 δὲ
668 2678 723 2743 τόν
742 2679 819 2744 λαόν
835 2674 960 2762 συνύμα
973 2686 1013 2766 τῇ
1025 2676 1235 2768 ἀρχιερωσύνη
1251 2709 1314 2746 πα-

211 2791 377 2869 ραιτεῖται,
406 2776 447 2857 ὡς
463 2789 685 2866 παραιτεῖσθαι
703 2781 741 2867 δὴ
755 2787 806 2848 καί
823 2781 1035 2872 ἆμφοτίρυυς,
1061 2781 1082 2868 ἢ
1101 2781 1177 2849 λαόν
1195 2809 1314 2871 παραι-

210 3015 326 3074 dicemus
342 3020 370 3068 et
386 3031 432 3068 nos
448 3015 518 3084 ipsos
535 3031 592 3070 curn
609 3014 771 3082 sacerdodos
797 3018 825 3069 et
841 3015 865 3070 si
881 3013 942 3085 quid
960 3015 1107 3085 ignorantes
1124 3015 1252 3071 emisimus
1268 3023 1315 3073 aut

211 3085 316 3139 fecimus
333 3090 407 3138 extro
433 3101 508 3155 quam
525 3083 626 3150 decuit,
649 3085 760 3155 petimus
776 3085 892 3149 veniam,
917 3095 945 3138 et
964 3086 1037 3139 vobis
1056 3086 1169 3140 domiuus
1185 3085 1313 3155 ignoscat.

211 3171 243 3208 ac
266 3149 336 3236 quod
360 3155 412 3206 erit
434 3153 594 3206 conducibile
617 3156 764 3222 praebebit,
790 3163 817 3208 et
840 3153 995 3224 gubernabit
1010 3157 1113 3220 ambos,
1140 3163 1167 3208 et
1183 3163 1314 3225 pastorem

209 3222 355 3294 providebit
385 3223 617 3287 accommodatum,
648 3223 769 3293 precibus
799 3222 953 3292 deiparae.''
986 3224 1140 3293 subscriptio
1169 3225 1234 3278 baec
1262 3225 1314 3280 tuit

208 3291 391 3374 “Athanasius
415 3292 467 3374 qui·
485 3291 536 3345 fuit
560 3292 768 3386 pfcbiepiscopns
794 3292 1031 3363 constantinopolis
1054 3293 1148 3348 Novae
1169 3293 1268 3372 Romae
1284 3301 1314 3348 et

209 3362 622 3494 oemrfleapccosinpalpgreaffius.hm
638 3430 663 3484 in
680 3429 844 3484 abdicatione
860 3428 995 3483 Athanasii
1019 3429 1107 3494 sueres
1130 3447 1197 3500 quar
1213 3428 1236 3482 si
1252 3429 1313 3514 quis

208 3497 321 3570 penitius
338 3499 531 3568 introspexerit,
547 3499 674 3582 quandam
692 3517 741 3554 uon
758 3502 824 3552 bene
838 3499 1020 3552 dissimulatam
1037 3499 1174 3553 scribentis
1190 3507 1313 3554 minuam

209 3567 405 3622 animadvertet.
439 3585 496 3621 usur
514 3567 577 3638 quud
593 3568 644 3623 sibi
663 3569 717 3622 vuit
733 3568 795 3621 iilud
820 3573 838 3601 ‘⁸
845 3566 885 3622 sie
901 3568 1042 3622 sentiebam
1048 3569 1064 3593 ”
1082 3578 1110 3622 et
1127 3585 1216 3622 rursus
1232 3573 1314 3622 “me-

207 3636 257 3690 iius
275 3655 324 3690 uon
340 3637 482 3690 sentiebam
506 3637 589 3707 (deus
607 3638 641 3691 sit
656 3635 796 3706 testisW
831 3639 881 3691 boe
897 3643 938 3702 et,
962 3647 1043 3708 puto,
1069 3637 1251 3707 queat'dieere
1267 3639 1313 3707 qui

207 3723 298 3760 narem
316 3705 482 3770 demerserit,
509 3707 577 3828 φοσό
595 3725 652 3761 οισι
669 3707 774 3777 propria
792 3706 926 3764 voluntate
942 3724 974 3760 ao
991 3706 1085 3760 iudicio
1102 3713 1200 3762 temere
1217 3705 1314 3760 discri-

207 3775 267 3830 mini
285 3773 423 3829 obiecerit:
449 3780 512 3829 “me
531 3793 561 3828 us
577 3793 627 3829 nou
646 3775 820 3830 sentiebam.’'
855 3791 942 3830 verum
959 3775 1114 3845 respoudeat
1131 3775 1157 3830 ei
1170 3774 1313 3846 quispiamr

204 3851 237 3898 ut
254 3850 329 3898 eraut
346 3861 403 3899 cum
421 3845 515 3915 quibus
531 3845 699 3913 consulturos,
715 3845 919 3915 quandoquidem
936 3849 986 3898 non
1002 3847 1072 3898 solus
1088 3844 1134 3898 sed
1151 3861 1208 3898 cum
1225 3844 1315 3900 multis

208 3915 355 3982 gubernare
368 3915 454 3968 iussus
471 3931 508 3968 es.
544 3915 590 3968 sed
607 3913 634 3967 in
651 3931 775 3984 praesens
791 3913 945 3968 “iudicatus
959 3931 1013 3968 sum
1030 3913 1120 3968 enim”
1136 3913 1174 3968 ait
1192 3914 1314 3984 “populo

206 3981 414 4052 improbabilis.”
449 3999 499 4036 nou
523 3982 587 4036 dicit
611 3981 741 4065 episeopis
764 3988 792 4037 et
815 3982 940 4037 ecclesiae
955 3983 1094 4038 monachis.
1128 3981 1217 4054 populi
1235 4000 1313 4053 perro

209 4068 241 4105 ac
265 4051 387 4106 laicorum
410 4050 564 4121 improbatio
588 4052 648 4122 qurd
671 4052 773 4105 validae
788 4053 821 4106 ad
839 4052 1002 4122 patriarchae
1018 4051 1202 4122 depositionem
1218 4069 1315 4107 caum

208 4119 328 4176 babenti
360 4120 456 4191 pergit.
490 4119 665 4175 “abdicamus
687 4129 773 4174 autem
795 4119 888 4190 ipsos'‘
915 4121 999 4192 inquit
1026 4126 1110 4176 “eum
1135 4119 1313 4176 sacerdotio.'’

208 4205 260 4242 nou
282 4191 400 4243 thronum
422 4195 468 4242 aot
490 4189 611 4244 honorem
634 4189 753 4255 abdicet,
775 4191 822 4244 sod
843 4189 964 4260 populum
987 4191 1157 4244 inordinatum
1178 4197 1206 4244 et
1222 4189 1315 4242 inobe-

146 4297 148 4302 ,
207 4256 328 4313 dientem.
362 4266 449 4313 utrum
472 4263 557 4312 auum
580 4259 700 4329 populum
723 4259 871 4328 periberet
894 4259 1066 4314 secerdotium
1088 4259 1205 4323 abdicat,
1227 4258 1266 4314 sic
1283 4265 1315 4314 ut

207 4341 291 4398 aeque
307 4328 383 4382 ambo
399 4326 450 4383 ista
466 4327 633 4395 abdicentur,
656 4345 689 4383 an
706 4328 828 4401 populum
846 4327 951 4384 abdicat
965 4330 1020 4384 sire
1035 4329 1161 4401 reprobat
1176 4327 1204 4382 ri
1219 4333 1249 4382 et
1265 4345 1315 4382 au·
