2774 4784
181 285 258 362 718
481 279 726 352 ΟΒὸΕΒἿΔΤι
744 267 984 350 crunnus.

179 451 349 514 sacerdotes
363 447 484 512 ant-alii
501 446 631 510 ministri
645 446 696 508 vel
710 447 797 508 etiam
815 447 899 526 laici,
921 447 995 508 dnm
1015 446 1057 508 in
1070 445 1187 528 templo
1202 445 1296 507 sam-ia

180 553 302 620 operam
326 535 448 596 dabant
490 534 635 595 babemus
652 535 810 614 imaginem
831 534 895 594 eina
910 534 955 595 rei
976 534 1095 596 obviem
1120 533 1154 593 in
1174 532 1294 614 templis

177 621 380 698 nostratibus,
401 620 455 681 ubi
475 619 586 680 chorin
604 628 650 679 eat
671 621 883 680 canonicorum
905 629 959 680 aut
980 618 1209 680 monachorum.
1251 607 1295 676 rbi

178 711 258 770 enim
274 706 387 766 circum
408 707 550 786 disposita
563 725 669 786 magno
685 725 810 766 numero
825 706 964 766 videmus
977 705 1079 766 sedilia
1097 706 1141 764 sio
1152 705 1292 778 formata,

178 803 215 855 nt
235 791 395 871 aliqnando
416 793 506 870 plane
520 792 551 850 in
568 791 604 850 iis
621 791 752 851 sedendo
771 791 993 869 conquiescere,
1015 790 1178 868 aliquando
1192 789 1293 848 standi

178 879 311 939 laborem
325 876 433 937 subitis
450 876 608 937 hincinde
624 877 804 936 reclinandis
818 885 849 936 et
858 876 940 936 ¹mole
952 877 1087 956 corporis
1101 876 1213 935 innixn
1229 873 1292 934 hu-

179 983 331 1024 merorum
348 964 381 1022 in
406 962 529 1023 dorsum
548 961 746 1023 statiunculae
765 982 827 1022 non
848 962 991 1023 indecore
1011 960 1219 1035 deoneranda,
1240 960 1292 1040 qni

93 1065 97 1070 ·
179 1049 285 1129 longae
303 1055 414 1107 vacant
426 1047 606 1128 psalmodiae
621 1047 745 1127 possint
765 1071 767 1074 ·
788 1056 832 1106 est
846 1057 946 1107 autem
959 1048 1042 1107 inter
1053 1046 1108 1106 has
1123 1047 1208 1106 sedes
1222 1064 1292 1124 spe-

180 1135 288 1194 ciosior
300 1153 362 1192 una
376 1142 408 1194 et
419 1133 576 1193 sublimior
589 1133 732 1213 praesidis
749 1130 823 1209 loci,
842 1133 932 1211 quam
949 1132 1001 1192 'hic
1014 1142 1117 1193 noster
1131 1131 1292 1212 peculiari-

180 1229 229 1280 ter
243 1219 364 1293 indicat,
387 1218 536 1278 communi
549 1218 620 1277 licet
636 1219 805 1282 στασειόίου
821 1219 951 1294 nomine,
973 1219 1061 1278 siculi
1072 1228 1103 1278 et
1115 1215 1292 1276 Philotimus

183 1303 357 1386 patriarche
379 1305 411 1364 C.
426 1305 458 1366 P.
477 1306 510 1363 in
533 1303 632 1364 libello
651 1304 796 1382 inscripto
816 1304 961 1380 Διόταξις
980 1307 1037 1384 τῆς
1061 1303 1291 1382 lspodsnaoslur,

183 1391 238 1451 nbi
249 1391 290 1450 sic
302 1389 419 1450 scribit:
442 1383 539 1453 tired
558 1385 700 1464 διάκονος
714 1383 871 1471 ἀπέρχεται
883 1389 935 1453 καὶ
947 1393 1049 1474 θυμιᾷ
1065 1385 1124 1469 τήν
1139 1386 1231 1470 elytos
1249 1387 1292 1450 el-

184 1472 331 1555 πόνατὴυ
342 1475 386 1548 εἰς
397 1469 431 1537 τό
444 1475 597 1554 στασόδιου
607 1478 664 1538 τοῦ
675 1480 864 1554 προεστῶτος
875 1474 928 1538 sol
942 1470 1035 1538 αόιόυ
1043 1470 1095 1537 τόν
1106 1477 1292 1553 προεστῶτα,

176 1580 263 1640 quae
274 1561 306 1619 P.
319 1561 400 1620 Goer
414 1559 458 1618 sic
468 1561 576 1620 vertit:
595 1570 670 1618 tunc
686 1558 835 1619 diaconus
850 1557 989 1636 discedit,
1012 1570 1044 1619 es·
1055 1569 1198 1622 eandum
1210 1561 1293 1616 ima÷

180 1650 286 1727 ginem
303 1647 473 1724 superioria
485 1643 576 1704 sedili
589 1648 811 1726 superpositam
823 1655 851 1704 et
872 1648 975 1725 ipsum
989 1648 1174 1725 superiorem
1187 1647 1293 1702 ι’ποιιι·

182 1742 242 1792 sat.
268 1757 270 1782 ε
285 1729 378 1810 igitur
392 1731 561 1794 στασείόιον
575 1731 661 1792 cuius
675 1731 730 1790 bic
740 1739 842 1792 noster
852 1732 986 1791 meminit
998 1730 1082 1790 sedes
1094 1729 1165 1803 suit,
1186 1729 1219 1788 in
1233 1747 1294 1807 qna

182 1816 284 1876 stabat
296 1815 469 1897 patriarcha
482 1815 671 1893 athanasius,
694 1817 766 1877 dum
779 1827 969 1896 perageretur
982 1815 1148 1876 ceremonia
1161 1815 1226 1874 eina
1236 1835 1295 1894 ρτο·

181 1903 322 1986 (torosior
342 1903 580 1982 inaugurationis
600 1903 662 1964 aive
684 1903 923 1966 commanente.
965 1911 1032 1962 erat
1053 1910 1153 1962 autem
1177 1907 1213 1959 oa
1231 1899 1293 1960 sine

182 1987 276 2048 dubio
289 1987 372 2048 sedes
387 1988 532 2068 praesidis
546 1989 622 2062 loci,
645 1989 812 2054 montldtos
827 1993 882 2051 τοῦ
892 1991 1095 2069 προεστῶτος,
1116 1994 1200 2046 nerto
1214 2003 1294 2044 sam·

56 2075 58 2082 '
178 2091 233 2154 per
249 2073 317 2134 loeo
330 2072 408 2150 lixa,
430 2075 478 2134 cui
490 2074 523 2134 in
541 2073 652 2153 templo
669 2093 776 2154 magno
791 2077 822 2134 S.
837 2072 966 2154 Sophiae
984 2075 1131 2133 fenestrae
1146 2070 1294 2149 quaedam

75 2161 98 2216 P
113 2158 165 2216 509
183 2177 311 2240 superne
327 2159 559 2240 responderent;
580 2179 619 2218 ex
631 2175 760 2238 quornm
771 2179 923 2235 succussu,
944 2160 970 2218 si
983 2157 1177 2236 contingeret,
1191 2158 1294 2234 quieto

180 2245 292 2323 alioqui
311 2245 392 2305 caelo
415 2255 447 2306 et
466 2245 550 2306 nullo
572 2253 665 2306 vento
689 2245 798 2321 flante,
820 2247 978 2323 eumerium
996 2245 1102 2303 Graeci
1122 2242 1294 2322 captabant,

179 2341 465 2411 perseveraturusne
478 2329 663 2410 *patriarcha
685 2332 737 2408 qui
768 2330 965 2391 ordinabatur
988 2329 1023 2390 in
1049 2347 1084 2388 ea
1108 2347 1200 2407 qnam
1220 2337 1294 2386 tunc

176 2415 344 2495 accipiebat
363 2426 510 2496 potestate
528 2416 608 2477 foret
620 2433 715 2496 nsque
737 2417 778 2476 ad
798 2425 942 2493 mortem,
965 2434 1005 2475 an
1022 2414 1112 2476 vivus
1126 2412 1200 2474 inde
1218 2420 1294 2472 esset

114 2547 119 2560 .
171 2500 354 2564 eiiciendus.

267 2591 546 2668 σταυρατῆρες
565 2605 595 2666 p.
609 2591 672 2654 332
684 2603 717 2650 τ.
738 2581 789 2652 14.
831 2586 927 2660 inme
952 2583 1105 2665 legebatur
1122 2584 1156 2650 le
1174 2602 1294 2666 σαυρω-

302 2805 312 2836 ,
954 2800 962 2816 .

184 2848 396 2926 σαυρωτῆρσιν.
419 2844 573 2904 manileste
597 2843 774 2904 mendosum
800 2779 1037 2904 expoenieotnra
1063 2842 1230 2902 reformavi
1262 2840 1293 2898 in

177 2933 427 3012 promessionem
448 2930 533 2991 cuius
545 2928 651 3008 utique
665 2929 749 3008 origo
763 2929 795 2988 in
809 2937 913 3008 aptum
925 2927 998 2988 huie
1010 2928 1076 2987 loco
1093 2927 1293 3005 significatum

184 3031 349 3091 congruens
361 3025 493 3095 apparet,
513 3024 677 3094 utcumque
690 3014 817 3075 verbum
830 3012 890 3076 hoe
904 3013 985 3094 apud
998 3013 1095 3072 ullum
1107 3013 1200 3072 alium
1217 3010 1293 3072 scri·

181 3105 299 3178 piorem
322 3101 470 3162 Graecum
489 3099 627 3161 nondum
647 3099 823 3162 invenerim.
872 3111 961 3175 sunt,
992 3097 1093 3177 inquit
1113 3096 1293 3176 Hesychius,

181 3181 308 3266 σταυροὶ
322 3185 354 3247 ol
364 3181 604 3288 senonen-pytisar
616 3181 771 3262 σκόλοπες,
792 3178 931 3268 χόραιιες,
945 3180 997 3247 stul
1014 3179 1116 3246 πάντα
1128 3181 1167 3245 τό
1181 3181 1293 3248 ἑστῶτα

175 3265 273 3344 dailo,
297 3261 359 3333 aino*
376 3275 433 3334 rosi
447 3270 571 3335 όσταναι
584 3266 748 3350 σταυροός,
771 3271 805 3336 ἐκ
824 3274 882 3335 τοῦ
898 3271 940 3344 εἰς
955 3265 1012 3349 τὴν
1025 3265 1125 3347 αὔραν
1138 3269 1293 3331 ἵστασθαι

173 3351 252 3414 hinc
272 3350 410 3437 σταυρόα
431 3358 552 3416 vallum
572 3377 625 3417 sen
638 3357 755 3437 *patum
765 3357 855 3437 figo,
875 3356 1022 3416 usitatum
1035 3352 1209 3432 Thucydidi
1224 3354 1250 3412 l.
1262 3356 1292 3428 7,

158 3441 160 3448 ’
180 3447 211 3498 et
227 3437 395 3520 σταόρασις
407 3461 463 3521 pro
482 3443 669 3503 munimento
684 3461 702 3501 e
717 3441 803 3502 vallis
821 3439 927 3501 defixis
942 3441 979 3500 ab
995 3439 1098 3499 eodem
1113 3437 1292 3519 Thucydide

173 3525 250 3584 alibi
266 3526 344 3587 libro
357 3527 462 3590 eodem
475 3529 588 3608 posita3
609 3527 692 3606 qnod
703 3527 782 3587 libro
798 3522 992 3610 ὓσταόρωμα
1007 3525 1138 3596 dixerat,
1160 3526 1203 3585 sic
1216 3522 1293 3584 acri·

171 3609 267 3672 -benas
286 3607 370 3694 παρό
382 3634 413 3676 τε
425 3610 479 3688 τός
492 3618 570 3688 ναῦς
586 3610 748 3695 σταύρωμα
761 3613 887 3694 ἔπηξαν.
928 3621 960 3672 et
974 3608 1145 3690 Xenophon
1160 3611 1182 3674 l.
1196 3603 1293 3673 tist-

176 3700 333 3777 ληοιιιοόνι
353 3691 517 3780 σταόρωμό
531 3693 556 3762 τ’
565 3692 744 3780 ἐποιήσαντο
753 3697 807 3762 asel
821 3693 952 3781 τάφρον.
994 3695 1066 3756 binc
1079 3699 1295 3778 σταυροοτῆρας

176 3781 321 3842 credibile
332 3793 378 3842 est
389 3784 564 3865 Pachymeri
578 3784 657 3845 diets
670 3784 753 3864 tigna
768 3783 876 3858 delixa,
899 3791 929 3842 et
938 3791 974 3842 nt
985 3782 1060 3842 solet
1071 3780 1110 3840 ad
1126 3782 1225 3862 operia
1235 3781 1293 3840 fir·-

176 3867 320 3944 mitatem,
342 3869 521 3930 decussatim
532 3870 770 3950 invicemplers‚
791 3869 937 3949 impositis
950 3867 1095 3948 crepidini
1106 3885 1236 3947 superne
1252 3864 1293 3925 ad

176 3951 295 4028 hostes,
318 3953 370 4014 ubi
388 3956 579 4032 accederent,
604 3955 826 4016 submovendos
842 3953 939 4014 contis
954 3954 1036 4014 lerro
1055 3954 1193 4026 armatis,
1216 3971 1293 4030 quos

171 4035 294 4114 -όσσοός
306 4041 460 4120 appellat·
489 4041 643 4122 Appianus
657 4042 690 4101 in
708 4041 874 4122 fragmento
889 4042 1055 4118 Κιλιικῆςι
1075 4034 1113 4100 τό
1127 4035 1162 4102 dl
1178 4029 1294 4120 δόρατα

177 4113 220 4200 ἦν
235 4120 292 4186 osis
307 4124 425 4190 ἐοικότα
436 4121 542 4191 denval
552 4127 628 4208 (lege
640 4121 805 4202 α’ποντόοις)
818 4122 989 4204 όῬαμαῖοι
1009 4126 1136 4186 καλοῦσι
1157 4117 1295 4202 mononis

179 4203 260 4286 (lege
272 4207 424 4292 όσσοός),
447 4207 541 4288 §ailoe
558 4208 747 4296 sesoeyoivoo
765 4209 800 4275 τό
816 4206 931 4291 ἥμισυ,
953 4207 1007 4272 sol
1021 4205 1056 4273 τό
1074 4205 1147 4271 ἄλλο
1162 4201 1294 4289 σιδήρου

179 4288 388 4376 τιτραγόνου,
400 4296 458 4362 sol
470 4290 540 4364 so‘da
553 4297 607 4364 asel
622 4301 778 4382 petasati,
801 4297 895 4380 χορός
912 4317 947 4381 ys
964 4298 1020 4378 τῆς
1034 4293 1157 4378 αἰχμῆς.
1199 4293 1295 4374 signi·

98 4631 257 4778 Δ
