3188 4784
435 303 515 374 ΗΒ.
534 301 598 376 nt
633 303 1005 376 emtouotomcus
1206 307 1281 380 863

182 465 243 564 pp
273 466 399 562 auggg
417 463 543 561 rippa
577 473 663 534 aasz
677 471 741 534 aas
757 471 847 534 mem
860 471 1016 552 octoas,
1038 483 1069 534 et
1084 473 1145 536 aas
1161 435 1285 554 qamt

290 570 385 613 tttieum.

272 619 400 666 Clementis
418 615 544 666 Andronisi
608 645 614 659 .

323 673 345 718 V

505 551 512 564 ’
577 559 722 620 militibus
748 567 884 619 uacent·
912 580 1105 620 nummorum
1135 559 1226 620 millis
1250 562 1284 622 in

577 645 796 726 stipendiorum
821 646 993 706 debitorum
1015 645 1195 706 solutionem
1224 667 1284 727 po-

169 733 252 796 1306
334 733 357 794 2
458 725 502 793 24
577 731 691 812 poscit,
711 732 839 791 Tentms
862 731 970 791 deinde
992 731 1169 810 suffragatus
1183 731 1286 794 hono-

425 806 537 931 M¹i¹3⁶b
576 817 723 878 tarisum
739 819 835 898 petiit.
876 817 1042 898 imperator
1064 825 1167 877 tantae
1189 837 1286 898 pecu-

577 905 646 964 nise
656 901 838 984 flagitatione
854 903 1011 984 perculsus
1026 903 1125 983 primo
1146 905 1284 964 assentiri

577 999 683 1070 negem
705 998 808 1068 postes
826 998 926 1049 tamen
935 988 1047 1050 iterum
1063 989 1185 1049 adeunti
1196 990 1283 1050 illum

578 1076 740 1136 hontserio
760 1095 795 1134 ao
816 1075 1034 1154 stipendiorum
1056 1075 1231 1154 petitionem
1253 1077 1285 1136 in

577 1179 723 1221 summam
730 1162 961 1222 moderatiorem
969 1160 1159 1221 contrahenti
1168 1171 1287 1223 utrum·

577 1265 636 1326 que
646 1247 790 1326 indulget
835 1248 856 1310 l.
870 1252 891 1312 6
907 1267 925 1306 a
940 1267 966 1307 o
983 1246 1004 1312 4
1019 1246 1059 1308 sd
1076 1251 1107 1312 8.

620 1349 757 1410 Andreas
790 1349 890 1429 pirate
913 1349 1086 1429 imperatori
1124 1351 1284 1414 militarem

577 1456 698 1516 operam
715 1455 783 1494 cum
799 1435 916 1496 duabus
930 1436 1052 1496 armatis
1067 1438 1195 1497 navibus
1210 1439 1285 1499 offe-

576 1541 646 1582 rens
663 1520 845 1582 admittitur.
887 1521 941 1582 sed
953 1519 991 1580 ab
1012 1521 1134 1582 infensis
1147 1524 1285 1585 Andreas

576 1607 698 1668 Venetis
725 1606 819 1666 altera
849 1607 912 1668 eius
937 1607 1061 1668 nsvium
1084 1610 1284 1688 comburitur,

577 1695 641 1774 ipso
654 1711 723 1753 cum
736 1693 830 1752 sitem
843 1693 985 1774 fugiente.
1026 1693 1048 1757 1.
1063 1697 1083 1759 6
1098 1715 1125 1760 c.
1141 1701 1189 1760 10.

582 1867 588 1879 ·
620 1794 817 1876 Mpyrigerius
836 1795 950 1854 Teutas
970 1795 1050 1855 eirca
1069 1796 1202 1858 medium
1224 1799 1284 1860 De-

577 1882 726 1940 cembrem
738 1881 1028 1960 Constantinopolim
1043 1883 1140 1942 accitu
1153 1883 1284 1964 impers-

577 1967 653 2026 toris
668 1967 807 2046 appellit,
830 1985 1044 2027 exscensurum
1061 1988 1091 2026 ss
1109 1988 1125 2026 e
1145 1971 1215 2030 navi
1229 1989 1286 2030 ns-

576 2072 659 2132 gsns,
673 2051 730 2112 nisi
747 2049 864 2111 obsides
878 2052 1034 2112 darentur.
1076 2054 1200 2114 tandem
1214 2075 1287 2136 per-

578 2159 682 2198 suasus
708 2137 747 2196 ad
769 2139 878 2196 sestum
897 2136 1010 2197 Christi
1033 2139 1141 2198 natalis
1159 2158 1285 2200 exscen-

580 2224 650 2284 dere
665 2229 786 2283 creatur
803 2222 869 2282 dux
882 2243 1017 2302 magnus,
1039 2233 1070 2284 et
1083 2224 1174 2284 fidem
1188 2227 1287 2306 impe-

578 2309 691 2386 ratori,
714 2309 766 2369 sed
785 2327 855 2368 oum
876 2309 1066 2390 exceptione,
1087 2312 1180 2376 iurat.
1222 2313 1245 2373 l.
1266 2318 1287 2379 6

578 2417 604 2456 c.
624 2399 661 2462 11
681 2398 778 2460 et12.

621 2497 783 2558 Adhibitus
793 2495 919 2557 indeed
933 2497 1089 2558 eonsilium
1104 2518 1195 2578 super
1207 2502 1289 2581 peti-

578 2584 711 2644 tionibus
723 2583 954 2658 caietanorum,
975 2584 1027 2643 ubi
1040 2585 1159 2645 audivit
1175 2586 1214 2645 ab
1227 2589 1287 2647 im-

578 2680 717 2750 peratore
735 2680 883 2750 qusntum
899 2671 961 2749 ipse
977 2669 1035 2729 iam
1051 2671 1180 2731 dedisset
1192 2673 1286 2733 Cate-

578 2757 654 2816 lanis
670 2765 701 2817 et
722 2764 872 2836 quantum
887 2754 988 2814 adhuc
1005 2756 1077 2816 dors
1092 2766 1217 2835 paratus
1237 2778 1287 2818 es-

578 2853 634 2916 set,
655 2841 740 2921 queri
753 2843 851 2922 coepit
863 2861 955 2900 svare
968 2860 1068 2900 secum
1082 2842 1137 2921 egi,
1159 2844 1209 2902 oui
1223 2853 1287 2904 tam

578 2947 673 3009 pauca
688 2938 876 2988 coeterorum
892 2927 1115 3005 comparatione
1134 2928 1286 2989 donaren-

578 3024 641 3074 tur.
683 3013 813 3092 indeque
836 3011 1031 3072 desoctionem
1048 3013 1086 3071 sb
1104 3014 1285 3097 imperatore

579 3101 733 3179 cogitant.
776 3099 797 3158 l.
811 3104 832 3166 6
850 3117 876 3163 c.
896 3100 934 3162 14
951 3105 982 3155 et
996 3097 1046 3164 15.

449 3314 530 3346 ¹¹⁰²·
621 3301 819 3382 hipyrigerius
831 3301 978 3362 invitatus
994 3302 1032 3362 ab
1050 3303 1232 3383 imperatore
1247 3305 1287 3365 od
1305 3301 1394 3362 1³62ss

450 3438 503 3483 ὴ,
580 3388 815 3468 comparendum
829 3406 928 3446 escum
946 3388 1035 3449 simul
1056 3391 1088 3448 in
1103 3391 1178 3448 sesto
1193 3388 1287 3448 lumi-

529 3470 535 3482 '
579 3491 669 3550 num,
691 3473 752 3534 boa
774 3482 820 3532 est
843 3471 1041 3554 Epiphaniae,
1064 3473 1288 3541 celebrandos

580 3560 725 3634 ianuarii,
758 3568 900 3639 proterve
923 3568 1043 3621 recusat
1067 3560 1127 3640 irs,
1157 3558 1286 3621 irridens

580 3647 672 3706 etism
690 3647 885 3725 contemptim
901 3665 1041 3705 concessa
1059 3645 1113 3704 sibi
1131 3645 1168 3704 ab
1184 3645 1290 3725 Augu-

580 3741 628 3792 sto
647 3731 773 3812 insignis
794 3731 960 3812 honorum3
984 3751 1019 3790 sc
1037 3733 1127 3790 tertio
1146 3741 1216 3810 post
1238 3733 1287 3790 dio

579 3818 646 3879 veis
661 3819 731 3879 isoit
746 3815 931 3898 Gsltiopolim
952 3817 991 3876 ad
1005 3816 1215 3878 Catelanorum
1235 3838 1287 3876 ca-

580 3913 659 3980 stra,
678 3905 844 3965 insaturata
861 3906 1014 3981 Augusto,
1045 3904 1098 3980 qui
1126 3920 1196 3962 eum
1215 3904 1288 3962 satis

580 4001 766 4072 compertum
779 4007 886 4070 parare
902 3987 1100 4048 deiectionem
1111 3988 1216 4048 invsdi
1232 3990 1287 4048 de·

581 4077 728 4156 tinerique
743 4097 760 4135 a
776 4076 836 4134 suis
849 4065 955 4132 ‘vetuit
997 4073 1016 4136 l.
1036 4079 1056 4140 6
1074 4094 1100 4135 o.
1120 4074 1169 4138 15.

623 4163 788 4244 imperator
807 4159 913 4220 videns
929 4159 1084 4220 Catelanos
1107 4158 1194 4239 piane
1217 4179 1287 4219 cer-

579 4257 626 4308 tos
642 4249 716 4308 belli
739 4249 834 4328 palam
855 4245 998 4304 Romanis
1017 4245 1181 4320 inferendi,
1204 4245 1286 4323 quod

578 4333 786 4396 Genuensibus
805 4330 921 4394 dudum
939 4341 971 4393 at
983 4330 1135 4392 recentius
1149 4331 1286 4394 Miobadii
