2774 4784
346 295 425 366 ιιι.
442 257 503 366 ἰιι
553 281 926 366 meorumnam.
1014 239 1020 306 ³
1056 247 1092 298 ³
1114 240 1278 369 ,gqis

84 455 325 545 dignationemin
340 455 496 525 catalanos
511 455 542 524 et
562 463 654 525 duces
666 459 785 537 eornm,
808 459 934 544 propter
946 464 1145 526 amdadmas
1157 465 1190 525 in
1219 459 1222 478 ¹

52 575 56 582 ·
82 571 166 612 suam
187 559 305 628 gentem
326 550 465 626 iniurias,
487 569 650 630 numquam
670 553 732 610 sera
747 551 809 608 sine
826 549 938 610 indicio
958 550 1191 630 perturbationis

82 655 121 695 ex
140 631 310 695 uehementi
329 637 399 696 odio
415 655 517 695 eorum
533 637 724 710 recordante,
745 635 874 716 ideoque
892 637 1066 714 imperfecte
1081 636 1190 696 delun-

81 731 167 801 gente
188 719 379 781 distinctions
397 731 428 780 et
448 717 644 822 explicatione
667 722 838 780 necesmria.
881 719 954 781 huic
975 731 1012 780 ut
1033 741 1089 800 pro
1109 721 1191 782 virili

80 806 495 881 medeamurincommodo,
486 827 518 866 ιιι
531 807 653 886 gratiam
667 805 924 868 lectorisstndioai
940 807 1112 866 conhraam
1103 815 1190 866 satam
1220 803 1228 824 '³

82 893 248 970 congeriem
266 892 316 950 laic
333 893 487 966 evolvere,
514 900 545 951 et
563 892 771 970 chronologica
790 891 932 952 methodo
951 893 1012 950 auia
1028 901 1094 951 acta
1110 892 1190 952 eius-

81 979 164 1037 modi
179 986 209 1036 et
221 986 340 1037 eventa
338 977 455 1057 ringula
474 937 591 1056 illigare
605 977 725 1057 epochis
737 977 940 1059 aggredimur,
960 977 1045 1038 initio
1062 979 1191 1078 aprima
1214 965 1219 982 ”

83 1063 235 1122 llontaerii
250 1073 282 1121 et
298 1063 507 1124 Catelanorum
521 1082 537 1121 e
552 1063 697 1124 Siciliam
710 1071 805 1124 ιιιιιι
817 1062 997 1124 Orientalis
987 1063 1103 1180 imperii
1115 1081 1190 1124 evu-
1214 1059 1217 1062 ’

83 1150 200 1208 catione
216 1149 317 1208 ducto.

168 1234 205 1298 ll.
253 1235 363 1293 Narrat
386 1232 408 1294 l.
433 1232 454 1297 6
481 1251 508 1300 ι.
533 1237 574 1298 tt
590 1231 815 1313 Pachymeres'e
844 1233 1055 1314 imperatorem
1083 1251 1191 1312 parum

82 1317 238 1398 praesidii
246 1318 388 1378 adsersus
400 1318 556 1377 Persarum
574 1319 757 1399 irruptiones
777 1320 810 1378 in
824 1320 989 1380 Orientalea
1002 1319 1118 1398 imperii
1138 1337 1192 1377 re·
1224 1327 1226 1331 '

83 1406 184 1483 ιιοιιιι
200 1405 231 1464 ιιι
246 1406 380 1464 Romana
395 1402 500 1462 militia
515 1406 727 1482 reperientem,
748 1405 875 1483 ideoque
891 1407 1037 1484 respicere
1053 1412 1191 1464 coactum

83 1499 208 1550 externa
222 1491 342 1562 auxilia,
365 1490 497 1567 primum·
511 1488 697 1549 Pharendam
714 1491 844 1549 Taimem
863 1510 931 1550 cum
945 1509 1037 1550 manu
1050 1490 1190 1565 militum,

85 1593 159 1652 quoa
182 1594 199 1633 c
219 1575 276 1634 sibi
295 1575 628 1651 subditiaarmaverat,
652 1579 802 1656 suppetias
823 1577 906 1636 ultro
921 1575 1087 1636 venientem
1107 1583 1191 1652 grate
1218 1585 1219 1588 ’

84 1661 247 1739 ιιιιιιιιιιι
269 1679 304 1720 ιι
322 1669 475 1740 ιιιιιιιιιι
490 1620 660 1721 offerentim
678 1681 709 1720 ae
723 1661 760 1720 ad
774 1661 853 1721 idem
866 1681 920 1740 per
941 1662 1043 1722 literae
1055 1661 1190 1720 l’a'ontze·¹
1221 1739 1222 1742 Ἴ

83 1745 163 1804 riam
178 1745 283 1825 amplia
304 1745 525 1804 conditionibus
545 1747 701 1818 invitone,
724 1747 831 1823 quibua
845 1747 895 1806 ille
914 1756 1072 1846 permotus
1083 1755 1190 1826 postea

84 1850 153 1892 cum
170 1823 276 1909 haaguo
293 1831 394 1890 navali
408 1830 543 1890 exarmtu
553 1831 669 1890 vanarn
683 1789 978 1911 Constantinopolim.
1019 1832 1107 1892 istius
1120 1831 1190 1890 Διι-
1216 1907 1220 1914 ¹

84 1916 244 1982 drunicum
260 1915 341 1976 inter
356 1924 387 1975 et
395 1913 595 1976 llonteerium
613 1935 666 1994 per
686 1917 817 1976 literas
807 1917 936 1974 invicem
954 1917 1093 1996 scriptas
1091 1918 1189 1976 initae

83 2001 301 2082 stipulataeque
324 2001 530 2088 conventionis
548 2009 666 2080 tompus
687 2022 748 2060 non
764 2003 872 2060 diserte
890 2011 1030 2060 notatum
1052 2011 1188 2060 anostra

82 2086 243 2162 historico,
265 2105 304 2144 ex
326 2105 431 2161 cansa,
453 2079 513 2174 qua
530 2085 688 2146 inductum
702 2085 821 2146 adeam
834 2086 1044 2146 tractationem
1051 2087 1190 2144 llantae-

82 2173 163 2232 rium
178 2173 237 2251 ait,
259 2169 456 2230 divinandum
478 2170 531 2230 eat
574 2172 678 2232 scribit
690 2181 789 2232 autem
805 2172 860 2231 ille
868 2171 1064 2230 Rontuerium
1079 2189 1117 2229 ex
1129 2170 1189 2230 mi-

83 2257 136 2318 lite
159 2255 264 2338 templi
285 2267 353 2336 post
372 2265 488 2336 nuptam
507 2255 544 2315 ab
565 2255 760 2338 Aethiopibus
776 2256 855 2338 (hoo
873 2264 919 2316 eat
939 2255 1095 2316 Saracenis
1114 2255 1200 2338 duce

83 2342 207 2401 Sullane
225 2341 351 2422 Aegypti
373 2342 466 2401 llolec
486 2343 575 2402 Seras
588 2341 688 2422 dicto)
708 2341 936 2416 Ptolemaidem,
967 2341 1141 2401 ditissimam
1159 2350 1192 2401 et

82 2427 311 2487 munitissimam
321 2427 433 2487 ¹urbem
453 2426 629 2487 Phoeniciae
653 2427 754 2506 (quod
770 2447 848 2488 anno
865 2427 978 2488 Christi
991 2430 1072 2492 1291
1088 2425 1136 2485 die
1150 2429 1191 2493 te

82 2514 148 2588 vel,
169 2522 207 2572 ιιι
219 2513 284 2588 alil,
307 2517 346 2577 19
361 2513 432 2573 llaii
448 2514 603 2592 contigisse
617 2511 756 2574 accurate
768 2513 946 2594 spondanus
964 2512 1017 2574 illo
1033 2531 1116 2574 ,anno
1132 2511 1191 2571 do-

83 2607 131 2657 cet
150 2619 189 2658 ex
205 2599 401 2678 scriptoribus
418 2597 537 2658 illorum
555 2601 745 2679 temporum)
768 2619 859 2659 manu
879 2599 1003 2658 collecta
1017 2597 1074 2658 sibi
1093 2597 1193 2657 obno-

81 2685 220 2759 xiorum,
242 2691 448 2762 quaestuosum
465 2684 639 2762 aliquandiu
659 2703 713 2764 per
730 2685 780 2744 illa
794 2686 887 2746 maria
903 2683 1060 2763 piraticam
1078 2682 1191 2760 secisse,

83 2770 234 2848 partisque
252 2770 365 2846 magnis
380 2769 486 2850 opibus
497 2769 612 2830 dacem
627 2770 687 2829 iam
703 2769 805 2829 claaaia
817 2770 934 2830 validae
945 2768 1099 2828 Friderico
1113 2767 1192 2827 sici-

83 2853 153 2914 liam
172 2854 320 2914 obtinenti
334 2853 589 2932 (Thenderichmn
605 2853 688 2916 hunc
706 2873 862 2936 perperam
872 2855 970 2914 'vocat
982 2853 1191 2931 Pachyrueres)

84 2939 240 2999 militarem
263 2940 350 3018 longo
368 2950 502 3020 tempore
521 2940 592 3000 certi
608 2941 744 3020 pactione
758 2941 898 3020 stipendii
915 2959 1037 3018 operam
1054 2957 1189 3012 navatae,
1207 2947 1229 3004 ι’
1246 2948 1296 3004 578

83 3025 162 3084 bello
176 3025 258 3102 quod
276 3025 326 3084 ille
348 3025 490 3086 adversus
503 3026 655 3085 ecclesiam
668 3027 786 3086 rebellia
798 3036 904 3087 contra
920 3025 1059 3084 Carolum
1071 3025 1192 3104 gerebat

84 3109 209 3188 Apuliae
225 3128 333 3188 regem.
376 3120 527 3170 caeterum
542 3110 602 3171 hoe
615 3111 738 3171 tandem
752 3105 829 3170 belli
842 3111 1026 3190 nuptialibus
1035 3109 1192 3170 'conditio-

84 3195 173 3254 nibus
188 3194 345 3276 dirempto,
367 3196 474 3274 quibua
487 3197 642 3256 Ecaterina
656 3197 733 3278 regia
746 3196 843 3256 Caroli
858 3195 919 3256 lilia
933 3197 1008 3274 rogia
1020 3195 1119 3256 Siculi
1125 3197 1190 3256 lra-

83 3281 124 3340 tri
138 3281 281 3340 collocata
293 3281 348 3357 ait,
368 3282 561 3341 Rontuerium
575 3279 698 3342 haerere
702 3282 860 3362 amplius
850 3303 884 3342 ιιι
898 3282 996 3352 Sicilia
1009 3301 1071 3342 non
1084 3281 1190 3340 valen-

82 3375 155 3442 tem,
176 3365 258 3443 quod
271 3385 338 3425 eum
350 3368 503 3427 Romanus
518 3367 655 3446 pontifex
668 3366 737 3427 dedi
752 3368 807 3426 sibi
825 3367 1010 3450 puniendum
1026 3388 1043 3424 a
1057 3384 1125 3444 rege
1140 3365 1190 3424 si-

83 3452 153 3511 culo
165 3452 319 3531 poscebat,
340 3462 463 3531 paetum
479 3453 516 3511 de
529 3472 589 3531 quo
604 3452 756 3512 diximus
747 3455 846 3514 miiaaa
860 3474 929 3515 cum
945 3451 1129 3512 Andronico.

169 3537 217 3596 lll.
259 3541 304 3596 lta
318 3539 361 3598 ibi
376 3537 616 3617 Pachymeaea,'
607 3559 639 3597 ιιι
658 3538 749 3598 rebus
767 3557 843 3618 quae
859 3539 896 3599 de
911 3537 1011 3598 alienia
1029 3535 1118 3596 terris
1135 3540 1195 3596 aut

83 3623 221 3702 gentibus
239 3623 335 3682 obiter
351 3632 513 3697 memorat,
529 3643 584 3684 suo
598 3643 681 3684 more
701 3624 878 3686 balbutiens.
920 3623 1018 3683 voluit
1031 3623 1112 3682 enim
1126 3621 1191 3681 aine

84 3709 176 3768 dnbio
195 3707 256 3767 illic
275 3708 409 3768 indicare
423 3727 527 3788 pacem
544 3710 655 3769 iactam
675 3729 755 3770 anno
772 3711 882 3771 Christi
898 3712 980 3773 1502
998 3707 1078 3768 inter
1095 3707 1191 3766 Caro-

36 3811 38 3814 ·
82 3793 147 3852 lum
159 3812 258 3873 regem
269 3794 405 3873 Neapolis
418 3805 448 3853 et
463 3794 672 3856 Fridericnm
663 3817 694 3854 ιιι
709 3797 807 3856 Sicilia
822 3795 1036 3869 dominantem,
1057 3811 1191 3891 quanon

82 3878 240 3962 Ecaten-ina
257 3879 310 3938 sed
325 3881 470 3939 Eleonora
497 3881 574 3960 regis
597 3881 696 3941 Caroli
716 3881 805 3958 filia,-
803 3901 878 3940 non
899 3879 988 3938 fratri
1005 3878 1082 3956 regis
1099 3877 1191 3936 Siculi
1214 3883 1217 3888 “

83 3963 156 4022 aed
147 3957 208 4063 apsa
195 3965 369 4024 rndnico
383 3965 528 4045 desponsa
541 3967 658 4027 coniux
671 3975 726 4041 est,
749 3976 842 4046 prout
854 3963 1048 4024 Friderious'
1038 3982 1101 4044 apae
1113 3969 1192 4021 atte-

81 4051 208 4108 statur
199 4071 231 4109 ιιι
249 4051 450 4112 instrumento
466 4054 671 4112 conventionis
689 4051 775 4110 istius
793 4051 911 4130 publice
931 4050 1096 4128 peripsum
1110 4048 1191 4108 odito

82 4129 122 4192 ad
137 4135 275 4195 Castrum
289 4137 409 4197 Novum
421 4137 522 4202 die19
538 4139 646 4198 mensis
659 4136 785 4216 Augusti
800 4155 879 4196 anno
893 4135 1004 4196 Christi
1020 4139 1118 4208 1302,
1140 4134 1192 4192 in-

82 4217 214 4278 dictione
234 4223 291 4296 16,
314 4215 396 4300 qnod
416 4219 515 4282 lotum
536 4223 644 4282 recitat
666 4222 814 4282 Odaricua
837 4220 1015 4280 llainaldua
1024 4239 1061 4284 eo
1073 4177 1190 4295 Διιιιιιι,
1235 4235 1237 4240 ’

82 4303 165 4366 unde
187 4307 376 4396 manifestum
397 4318 450 4370 eat
461 4309 603 4370 abillo
594 4329 654 4369 aum
666 4307 832 4390 napum
833 4307 951 4369 institui
972 4315 1113 4388 coeptum
1132 4324 1194 4366 esse
