2774 4784
200 259 277 334 784
492 253 730 330 OBSERVAT.
752 249 990 326 Ptcnrttttn.

199 427 383 510 respondem
405 417 468 487 non
489 424 565 487 haec
584 425 740 488 referenda
760 417 833 486 auut
855 426 894 486 ed
914 423 1103 505 colloquium
1124 417 1219 484 Vacci
1240 441 1309 482 cum

67 577 70 582 ,
199 513 370 598 patriarche
385 513 531 592 Gregorio
545 512 701 589 habitum,
721 521 786 572 toto
801 511 992 592 praecedenti
1007 511 1105 590 capite
1124 509 1170 575 36
1193 507 1311 568 deacri-

199 611 304 680 ptum,
325 597 377 658 sed
398 599 437 658 ad
450 598 548 658 obiter
563 597 715 658 adtextam
726 597 765 657 ad
778 598 888 657 calcem
904 595 986 658 illiue
998 595 1106 676 capitia
1122 593 1305 654 mentionem
1350 635 1354 640 -

198 687 315 744 laxatae
335 685 432 744 multo
450 684 601 763 posterius
619 683 709 746 Vacci
730 684 902 758 custodiae,
922 683 955 741 in
973 699 1064 761 quam
1081 687 1152 760 poet
1166 678 1201 740 id
1215 679 1308 738 collo-

200 770 301 849 quium
321 779 367 830 eet
387 771 550 831 coniectua.
591 769 623 829 id
640 789 710 848 ergo
725 778 842 828 tantum
855 768 908 827 ille
921 767 1086 847 capiticdd
1102 765 1205 846 prima
1218 764 1307 824 verba

199 855 386 933 significant,
416 855 506 934 paulo
532 864 601 914 ante
628 873 717 932 quam
736 854 768 914 in
791 855 909 933 eaepiue
927 861 1090 912 memorate
1116 849 1306 929 imperatoria

199 940 366 1001 Andronici
381 941 568 1020 proiectione
581 941 614 1000 in
629 940 793 1014 Orientem,
815 959 872 1020 per
884 937 1007 998 meeum
1020 939 1169 996 inarcem
1185 937 1218 996 S.
1233 936 1306 992 Gre-

198 1026 277 1104 gorii
301 1025 580 1104 protoveetiarium,
603 1024 716 1086 Veccue
733 1025 766 1083 in
784 1025 877 1104 paulo
899 1021 1133 1084 tolerabiliorem
1153 1020 1305 1079 conditio-

199 1131 268 1170 nem
295 1113 526 1186 transferretur,
559 1110 673 1171 aditum
699 1111 866 1190 Decibyaee
895 1107 931 1168 ab
957 1107 1132 1169 Audtuuico
1162 1106 1305 1166 loeunuu

198 1196 351 1256 Theodori
367 1196 499 1256 Laecaria
518 1195 645 1274 Augusti
660 1195 766 1256 filium.

287 1282 365 1343 Vlll.
409 1282 491 1341 More
503 1280 575 1340 inde
587 1281 674 1340 Vecci
688 1290 826 1341 narratur
839 1299 869 1360 p.
884 1281 947 1344 270
965 1277 1061 1342 ν.14.
1082 1275 1140 1335 aed·
1150 1296 1215 1355 quo
1229 1295 1304 1335 anno

202 1367 360 1446 contigerit
384 1365 610 1446 disquirendum
632 1366 718 1426 nobie
735 1365 897 1426 historicae
917 1362 1069 1440 relinquit.
1113 1361 1307 1442 experiatur

203 1455 274 1530 ergo
298 1451 424 1530 ecquid,
455 1451 614 1530 aequandi·
638 1451 769 1530 ventigiie
794 1469 894 1510 rerum
920 1450 957 1509 ab
977 1447 1039 1508 illo
1053 1445 1130 1506 cerie
1149 1449 1305 1521 continue,

204 1557 264 1615 qua
275 1548 372 1616 gestae
384 1545 465 1613 eunt,
487 1545 686 1610 nutritorum,
707 1536 858 1616 poeaimue
874 1545 956 1595 certo
971 1530 1198 1612 deprehendere
1214 1553 1307 1611 quau·

203 1631 268 1680 tum
292 1621 425 1700 praeciae
449 1621 538 1701 epatii
561 1621 765 1682 intercesserit
786 1641 804 1679 a
829 1619 920 1679 modo
940 1627 1102 1679 memorate
1118 1618 1306 1678 relaxatione

202 1705 373 1766 acerbitatis
386 1707 420 1766 in
436 1705 525 1767 Vacci
536 1724 653 1766 carcere
666 1707 703 1766 ed
718 1707 881 1788 perlectam
894 1704 975 1783 eiua,
998 1723 1075 1783 quae
1088 1704 1172 1763 felici
1186 1703 1306 1764 demum

202 1790 288 1850 obitu
309 1792 335 1852 ei
360 1791 485 1870 obtigit,
516 1793 723 1852 liberationem
746 1793 782 1852 ab
806 1793 956 1852 aerumnie
982 1789 1130 1848 omnihue.
1172 1790 1306 1870 primunr

199 1886 316 1937 certum
331 1887 376 1937 eet
388 1877 595 1938 Andronicum
610 1877 822 1959 imperatorem
835 1874 1003 1956 Nymphaei
1022 1874 1193 1955 pemtitiaee
1210 1874 1304 1956 apatio

198 1962 270 2042 plue
292 1983 404 2027 annuo.
446 1965 538 2026 refert
558 1962 636 2023 enim
655 1973 759 2024 noeter
780 1983 810 2043 p.
838 1961 898 2027 164
918 1981 948 2022 v.
973 1965 1010 2025 11
1035 1959 1130 2019 imeae
1153 1959 1305 2020 cumillic

199 2046 438 2130 undetrigeeimo
449 2053 561 2109 mancia
571 2049 657 2110 Iunii
668 2047 719 2108 die
729 2069 789 2130 quo
802 2057 979 2106 caudarum
989 2044 1200 2125 apostolorum
1214 2044 1306 2126 (Petri

201 2153 309 2214 nempe
330 2145 360 2196 et
374 2132 472 2214 Pauli)
484 2137 606 2212 fretum
624 2135 806 2212 celebratur,
827 2133 922 2192 altero
942 2141 1179 2191 currentem
1196 2153 1233 2189 es
1249 2151 1304 2210 quo

201 2221 368 2298 imperator
381 2231 487 2278 caetra
500 2221 569 2279 illic
580 2221 728 2280 habebare
749 2221 875 2291 deterior
890 2213 1054 2300 rpeqoaioqr
1072 2215 1306 2298 tetrametra-

199 2303 283 2388 μένῳ
305 2309 350 2390 τῷ
363 2308 495 2386 βασιλεῖ.
538 2325 604 2365 cum
623 2327 692 2384 ergo
711 2325 835 2365 numero
850 2304 997 2384 superiori
1013 2300 1223 2363 aeritimiliter
1244 2311 1304 2361 ata·

197 2390 344 2448 tuarimue
365 2390 572 2450 Andronicum
595 2393 763 2470 Augustum
787 2389 961 2471 pervenieee
984 2385 1195 2466 Nymphaeum
1225 2388 1303 2446 circa

103 2531 105 2534 .
199 2472 321 2532 initium
337 2475 416 2534 lunii
429 2495 509 2535 anno
530 2475 640 2534 Chrieti
657 2480 759 2552 1290,
781 2473 863 2555 quod
875 2473 931 2533 illo
945 2489 971 2536 c.
987 2477 1007 2537 9
1022 2469 1225 2552 Pachymerea
1240 2491 1302 2531 rue-

145 2617 146 2620 ,
197 2569 297 2616 morat
323 2559 480 2619 discidium
506 2561 679 2641 principum
706 2569 911 2620 matronarum
935 2567 1122 2618 contractum
1148 2560 1302 2617 occarionc

196 2645 360 2725 panegyria
379 2645 600 2725 epoatolorum‚
622 2646 782 2724 contigerit
804 2649 846 2710 29
867 2645 918 2714 die
936 2644 1011 2703 lunii
1033 2641 1105 2702 enni
1120 2641 1193 2702 Chr.
1214 2647 1300 2718 1291,

24 2731 25 2736 '
67 2804 68 2807 Ἴ
197 2731 321 2808 quando
334 2730 397 2789 ,iam
415 2751 525 2791 annum
545 2731 673 2792 alterum
687 2751 756 2792 auae
769 2731 849 2809 apud
865 2728 1072 2809 Nymphaeum
1089 2729 1302 2790 commoratio-

191 2816 246 2876 atie
269 2815 460 2877 Andronicue
480 2816 685 2877 inchoaverat.
725 2815 841 2878 reditur
855 2816 919 2875 eiua
932 2813 1002 2874 inde
1014 2815 1047 2874 in
1059 2813 1164 2884 urbem
1179 2824 1301 2874 notetur

197 2921 231 2982 p·
249 2901 309 2967 165
325 2921 354 2964 v.
370 2905 406 2977 8,
427 2909 456 2962 et
472 2903 641 2980 resignatur
657 2903 714 2963 diei
731 2900 995 2978 duodetrigeeimea
1010 2897 1107 2974 Iunii,
1130 2899 1205 2958 anui
1218 2899 1301 2959 ride-

196 2985 271 3044 licet
293 2987 394 3046 atatim
416 2990 566 3067 eequeutie
589 3003 673 3049 aerae
695 2987 806 3048 christi
821 2985 954 3064 vulgaris
973 2988 1070 3060 1298,
1095 2983 1301 3048 camiamre-

196 3078 304 3150 parata
326 3073 454 3132 fuieeent
476 3072 585 3134 damna
603 3073 752 3150 incendii,
775 3092 834 3151 quo
854 3070 977 3131 hiennio
998 3067 1300 3130 anteabdicatiouem

195 3153 366 3299 1,pthanaeii
389 3167 424 3217 ut
445 3158 556 3220 dieerte
571 3161 702 3220 traditur
714 3179 745 3240 p.
763 3161 824 3224 178
837 3177 866 3221 v.
880 3162 919 3234 6,
940 3155 1051 3215 Forum
1065 3173 1209 3234 maguum
1223 3173 1301 3215 con-

219 3252 384 3320 agravcrat.
450 3277 453 3286 «

284 3327 335 3387 lX.
367 3327 582 3388 Abdicationia
601 3349 693 3409 porro
710 3327 800 3388 modo
820 3333 1000 3386 memoratae
1013 3322 1169 3384 Athenaeii
1181 3332 1300 3404 tempor

195 3411 268 3470 eatie
283 3413 394 3473 dieerte
405 3411 601 3493 Pachymerea
617 3415 769 3494 exprimit,
790 3412 863 3472 dum
879 3433 909 3490 p.
926 3415 987 3476 177
1000 3429 1030 3469 r.
1045 3413 1065 3473 9
1079 3407 1185 3468 rcrihit
1200 3409 1299 3489 iprum

194 3508 296 3555 exacte
317 3497 558 3578 quadriennium
572 3503 605 3557 in
615 3499 836 3578 patriarchatu
855 3497 1029 3580 expleviaee,
1051 3494 1093 3553 ita
1114 3505 1152 3552 ut
1166 3497 1242 3552 iniri
1253 3515 1300 3553 re·

191 3581 318 3661 dictique
336 3587 497 3664 regiminis
512 3585 653 3643 eccleciae
666 3583 793 3644 eandem
800 3586 898 3660 ser-me
913 3583 1116 3640 numeraverit
1134 3577 1216 3637 diem
1239 3599 1299 3638 cerr·

192 3677 259 3725 tom
274 3666 426 3728 deeirnum
444 3667 595 3732 oaotru.
617 3671 777 3750 ,alludunt
796 3669 872 3728 haec
891 3668 930 3726 ed
954 3666 1039 3747 priate
1058 3665 1170 3744 ecripta
1188 3686 1223 3745 p.
1239 3665 1299 3728 146

191 3772 222 3813 v·
236 3757 274 3829 1,
295 3755 346 3813 ubi
368 3755 481 3815 dicitur
496 3765 633 3835 quartam
651 3753 794 3824 decimam
811 3750 951 3814 Octobris
964 3751 1043 3811 diem
1059 3750 1188 3831 primam
1202 3748 1300 3810 Athe-

191 3837 278 3897 naeio
301 3838 522 3919 patriarchatus
545 3840 613 3899 initi
634 3841 734 3903 iuieee.
778 3840 910 3921 pertinet
929 3835 1004 3912 hoc,
1024 3844 1061 3895 ut
1086 3836 1153 3896 dixi
1168 3855 1253 3898 num.
1268 3837 1299 3911 6,

192 3922 232 3982 ad
251 3943 368 3984 annum
387 3923 458 3986 Chr.
481 3929 579 4000 1289,
601 3945 639 3986 ex
662 3947 723 4007 quo
745 3928 816 3986 anni
838 3932 988 3986 vertentes
1011 3931 1141 4001 quatuor
1163 3920 1300 3980 indiam

193 4010 235 4072 14
253 4008 363 4072 Octob.
382 4001 430 4072 an.
450 4015 533 4076 1293
553 4012 676 4075 deeiere.
717 4012 808 4072 biduo
834 4019 905 4092 poet
928 4007 1040 4068 throno
1059 4007 1148 4066 ceeait
1169 4005 1300 4065 Athena·

192 4091 270 4168 eiua,
292 4106 374 4172 geata
393 4095 588 4175 patriarchali
611 4097 757 4176 dignitate
774 4098 861 4158 annie
880 4091 1002 4153 omnino
1026 4101 1158 4170 quatuor
1177 4100 1209 4150 et
1225 4091 1301 4150 duo-
1369 4153 1376 4174 ⁶

190 4173 247 4234 hue
260 4191 412 4255 praeterea
424 4179 541 4242 diebue.
576 4181 750 4244 incendium
765 4201 834 4262 ergo
845 4179 946 4258 magni
960 4177 1031 4237 Feri
1046 4195 1126 4238 auno
1142 4180 1226 4242 1291
1243 4175 1299 4235 auh

190 4261 321 4324 medium
341 4265 540 4328 novembrem
564 4270 684 4347 evenit,
707 4268 800 4332 cuiue,
817 4265 924 4332 ruinae
948 4263 1046 4347 epatio
1068 4261 1219 4324 mentium
1237 4263 1302 4324 tue

241 4555 348 4708 a,

312 4729 357 4754 „A
