2782 4770
182 311 205 354 x
479 283 515 358 P.
536 281 707 352 rossml
732 283 979 368 PRAEFATIO.

138 517 141 524 .
183 461 402 547 superserere
423 456 521 522 mmio
540 457 573 520 in
594 468 697 545 partes
716 456 777 522 sibl
804 457 896 522 amici
922 457 1052 525 senioris
1072 458 1218 528 adsersus
1236 465 1286 528 iu.

183 565 304 630 niorem
322 560 473 627 declarato
493 559 717 642 Andronicum,
743 559 846 625 studio
865 581 936 645 erga
956 561 1153 630 Berisamum
1175 567 1285 632 haere-

184 668 351 747 siarcham,
376 664 495 732 invidia
517 665 660 732 factionis
681 663 926 748 dcyndlnianee‚
959 669 1045 732 cuius
1067 682 1131 732 arat
1151 671 1287 752 signiter,

182 769 306 835 licentia
329 768 517 834 obtrectandi
536 769 722 856 principibus
741 781 773 833 et
791 771 960 851 monachis,
985 771 1201 842 indelebilibus
1216 795 1287 837 ma-

181 873 274 941 ledici
294 895 330 937 ac
349 871 508 938 mendacis
529 875 568 938 ab
596 873 693 961 ipsius
714 873 833 959 aequali
856 873 1066 940 Canescuzeno
1095 877 1286 958 stigmatibus

98 1039 125 1065 s*
181 977 262 1044 inuri
284 977 428 1059 meritus3
454 974 586 1064 denique
615 998 723 1064 parum
740 977 835 1044 etiam
854 976 1065 1044 Gmumzeno
1084 977 1288 1045 deferentium

183 1093 215 1146 et
235 1079 401 1145 liberorum
422 1081 510 1144 omni
529 1079 713 1167 praeiudicio
738 1082 889 1146 lectonrm
909 1101 1007 1168 aeque
1026 1083 1177 1147 sententia
1197 1096 1288 1148 nota-

183 1185 273 1265 bilis,
299 1183 383 1270 quod
413 1183 473 1250 sibi
493 1186 610 1246 famam
629 1182 722 1262 fidei,
747 1205 828 1270 quae
844 1196 893 1249 est
912 1189 1016 1254 anima
1037 1186 1197 1267 historice,
1224 1209 1288 1253 non

184 1287 259 1356 satis
282 1287 402 1352 solicite
424 1287 466 1354 sit
489 1285 582 1351 tuitus
603 1286 751 1355 adsersus
775 1287 871 1354 iustas
900 1289 1091 1376 suspiciones
1106 1291 1190 1374 “styli
1210 1292 1289 1357 affa-

185 1391 281 1457 ctibus
300 1389 432 1455 obnoxii
451 1400 483 1454 et
502 1388 618 1474 ingenii
636 1389 765 1464 venalis,

286 1491 346 1566 vl.
405 1493 536 1558 Unicum
573 1515 647 1576 ergo
678 1491 841 1558 Andronici
873 1503 1012 1558 actorum
1041 1505 1156 1564 testem
1191 1498 1290 1579 hunc,

186 1595 321 1686 prudens
349 1598 458 1678 lector,
474 1598 564 1662 'bsbe
582 1595 730 1662 idoneum
754 1594 1000 1680 Pacbymerem3
1023 1619 1081 1662 nec
1100 1611 1204 1662 metue
1218 1621 1289 1687 pst,-

187 1701 300 1765 niciem
324 1721 404 1788 quae
433 1701 648 1770 enarratione
669 1701 805 1766 felicium
833 1703 984 1768 scelerum
1012 1701 1148 1772 carenda
1176 1703 1288 1774 merito

188 1805 357 1886 legentibus
381 1803 609 1892 praescribitur,
634 1827 674 1868 ne
695 1803 735 1870 ad
754 1803 963 1869 imitationem
977 1805 1120 1870 'incautos
1139 1808 1289 1876 allactent.

188 1927 302 1990 magna
322 1907 374 1972 hic
395 1907 559 1974 Andronici
583 1908 731 1990 senioris,
764 1906 821 1973 sed
841 1906 994 1974 vindictae
1020 1910 1098 1974 acris
1127 1931 1183 1973 nec
1209 1907 1288 1972 dila-

189 2023 240 2076 tas
258 2011 412 2099 praesenti
436 2015 523 2077 velut
549 2010 704 2093 antidoto,
737 2013 823 2075 nullo
850 2010 915 2075 iam
943 2012 1078 2100 periculo
1100 2033 1288 2094 cognoscen-

187 2116 285 2194 tium,
308 2116 433 2180 crimina
455 2113 633 2201 produntur.
685 2115 847 2182 exhibetur
866 2115 895 2180 is
916 2114 1118 2199 foedimgus,
1145 2113 1290 2201 perduel„

187 2219 227 2282 lis
258 2217 370 2283 Christi
397 2218 528 2297 vicario,
561 2229 745 2299 contumax,
778 2219 1035 2299 contumeliosus,
1067 2219 1290 2301 ingratissimus

138 2379 141 2388 ,
185 2321 332 2391 ecclesiae
354 2322 541 2408 apostolicae
569 2319 747 2386 Romanaec
773 2319 831 2385 sed
852 2332 883 2385 et
913 2324 1057 2387 condano
1080 2317 1166 2386 idem
1186 2333 1292 2388 oslen-

185 2422 266 2488 ditur
284 2421 627 2512 imprudentissimusin
642 2425 728 2492 omni
746 2424 887 2503 consilio,
912 2423 1188 2487 infelicissimusin
1202 2423 1291 2486 omni

185 2539 314 2614 cospt03
339 2528 415 2596 nulli
434 2527 575 2615 quamvis
597 2528 753 2594 imbecillo
773 2549 837 2594 non
857 2529 1056 2593 succumbens
1083 2525 1185 2605 hosti,
1212 2523 1289 2587 nolli

184 2653 249 2696 non
282 2629 448 2696 ludibrium
488 2630 643 2698 adversari
660 2667 661 2670 π
679 2654 755 2696 aueo
794 2631 960 2719 praebens3
999 2629 1128 2716 impune
1165 2647 1290 2715 semper

186 2745 400 2822 contemptas,
423 2755 493 2800 cum
516 2737 599 2810 lucro
622 2736 746 2816 irrisus3
772 2734 857 2799 cuius
885 2733 990 2798 minae
1008 2735 1129 2796 nullum
1158 2729 1291 2820 pondus,

186 2840 304 2903 nullam
330 2839 530 2906 constantiam
551 2838 686 2919 decreta,
706 2839 824 2902 nudam
844 2835 938 2904 iidem
962 2839 1073 2918 rerba,
1094 2835 1215 2900 nullum
1234 2832 1290 2898 de-

187 2940 310 3007 sideria
324 2963 500 3008 successum
527 2943 707 3026 habuerint3
735 2945 844 3006 umbra
864 2938 1077 3032 imperatoris,
1097 2941 1183 3002 larva
1202 2937 1291 3024 prin-

191 3046 287 3134 cipis,
309 3065 421 3134 scopus
441 3046 532 3111 sortis
555 3045 719 3127 adversae,
745 3042 915 3110 foecundus
936 3046 970 3108 in
994 3063 1085 3107 suurn
1106 3039 1238 3106 dedecus
1254 3062 1290 3108 ac

190 3147 356 3229 damnum
388 3152 557 3233 longaevus
580 3148 619 3215 ad
643 3149 881 3238 perpetuitatem
907 3146 1066 3227 miseriae3
1091 3143 1242 3231 denique,
1271 3165 1290 3208 a

190 3274 252 3340 quo
268 3253 499 3322 inclinationem
514 3253 656 3318 ultimam
672 3251 712 3317 ad
732 3253 862 3318 exitium
882 3249 1089 3337 irreparabile
1101 3248 1217 3331 inclyto
1233 3246 1291 3312 de-

191 3377 261 3420 com
283 3360 413 3422 saeculis
431 3378 532 3424 norae
551 3356 672 3423 Romae
694 3355 826 3442 imperio
843 3353 946 3418 datam
965 3352 1067 3418 omnis
1093 3351 1160 3415 iure
1181 3350 1291 3440 deplo-

79 3501 80 3504 =
189 3479 263 3527 rans
282 3473 315 3526 et
335 3461 489 3526 detestans
519 3459 681 3549 posteritas
711 3471 859 3547 queretm.
911 3458 1007 3537 baec,
1034 3454 1162 3520 candide
1184 3458 1291 3535 lector,

189 3575 380 3630 occurrerunt
406 3585 484 3651 quae
513 3564 547 3626 in
572 3565 631 3626 boc
648 3562 705 3627 tibi
728 3563 835 3627 limine
852 3563 1016 3650 praefarer.
1067 3581 1141 3624 nam
1162 3558 1202 3624 de
1220 3580 1291 3624 msa

189 3665 407 3756 interpretandi
427 3666 561 3747 ratione,
597 3665 636 3730 do
664 3665 773 3730 ordine
799 3687 833 3730 ac
864 3663 1011 3730 methodo
1034 3663 1161 3728 notandi
1182 3663 1292 3728 eadem
1313 3667 1321 3672 “

188 3792 269 3858 quae
291 3772 325 3834 in
343 3773 445 3834 fronte
466 3769 579 3858 prioris
596 3769 690 3857 partis
712 3769 879 3851 admonui,
898 3768 978 3834 dicta
997 3768 1048 3832 bic
1061 3789 1183 3854 quoque
1195 3766 1291 3830 velim

187 3872 468 4045 {lupaliffifigglee
516 3871 694 3946 scribebam
712 3873 836 3946 Romae
851 3871 952 3965 pridie
964 3871 1041 3938 Idus
1054 3869 1189 3940 haunit
1208 3889 1291 3932 anno

647 4200 854 4214 ¹*
