2774 4784
194 297 271 372 ‘tou
399 332 401 340 ‚
503 275 740 364 ousauvar.
761 291 1000 362 racuruuu.

195 463 354 546 intemplo
369 464 497 524 Sanctae
511 460 658 544 Sophiae:
679 459 724 522 ibi
745 461 843 540 enim,
864 469 901 522 ut
921 460 1020 540 dixit,
1042 460 1316 520 collocatumlne-

195 560 244 615 rat
258 551 404 610 ieretrum
418 557 470 608 aut
482 547 570 608 theca
582 547 695 608 ossium
704 547 823 608 Arrenii
837 548 990 627 quondam
1006 545 1208 627 patriarchae,
1222 567 1314 626 quam

196 637 353 698 occasione
376 654 544 694 concursus
563 634 650 693 istioa
668 633 724 692 tali
745 633 935 694 diersolitam
957 634 1091 713 relinqui
1104 642 1243 713 apertam
1259 633 1310 692 ait.

196 743 259 782 nou
271 741 366 797 vana,
389 719 514 802 opinor,
536 719 710 780 coniectura
726 719 818 779 inerit
837 721 965 780 electum
981 718 1064 778 hunc
1078 721 1184 778 locum
1200 720 1311 798 inquo

196 807 388 890 potissimam
407 805 538 865 residere
557 805 677 883 angelos
700 805 891 882 crederetur,
920 825 959 864 ex
977 825 1013 864 eo
1036 805 1119 884 quod
1135 807 1206 864 Luc.
1230 809 1245 866 l
1270 809 1308 866 ll

197 906 287 952 etnam
303 913 324 950 a
339 889 454 949 dextris
465 891 579 950 alsone
592 893 708 950 incensi
723 893 906 970 apparuisse
919 891 1094 949 Zachariae
1107 893 1243 970 angelus
1261 887 1311 946 di-

198 981 302 1058 citur3
323 977 405 1036 undo
419 977 451 1036 in
467 977 550 1036 illam
563 986 717 1058 tamquam
734 976 899 1055 legitimam
912 987 943 1036 et
956 977 1049 1036 ucria
1065 976 1198 1036 oraculis
1208 975 1311 1034 decla-

197 1073 295 1124 ratmn
311 1062 488 1141 angelorum
502 1062 603 1123 sedem
621 1062 756 1144 aequasi
773 1062 933 1122 stationem
950 1059 1057 1143 populi
1077 1061 1199 1140 angelos
1215 1079 1311 1120 vene-

197 1149 294 1211 rantis
309 1148 432 1208 devotio
447 1149 588 1213 ferretur.
632 1167 694 1228 quo
709 1149 839 1226 partinet
853 1147 970 1208 dictum
988 1147 1096 1206 Hilarii
1111 1148 1186 1206 can.
1200 1147 1258 1206 ult.
1277 1146 1310 1204 in

196 1233 400 1309 naussum,
423 1233 603 1293 affirmantis
617 1233 818 1313 significatam
828 1233 971 1292 scissione
984 1233 1056 1308 veli,
1077 1232 1200 1314 quaein
1214 1239 1312 1291 morte

198 1320 310 1380 Christi
337 1319 484 1396 contigit,
516 1319 679 1378 diecessum
698 1321 910 1397 angeloruma
939 1319 1076 1378 custodia
1098 1326 1311 1396 synagogaeet

197 1424 355 1467 sacrorum
371 1403 581 1480 ludaicorum,
605 1405 714 1483 quibus
734 1404 924 1464 excubabant
942 1405 980 1464 sd
999 1404 1102 1464 velum
1117 1404 1228 1482 templi
1239 1423 1311 1462 con-

198 1493 355 1565 sistentes,
386 1487 445 1548 ltoo
468 1498 514 1549 est
533 1509 629 1570 prope
649 1491 745 1550 altare
765 1491 897 1566 incensi,
926 1489 1008 1569 quod
1028 1489 1134 1548 intime
1154 1489 1312 1547 admotum

197 1577 269 1637 velo
282 1581 347 1634 erat
364 1583 655 1634 sanctasanctorum
670 1573 838 1656 operienti,
861 1585 898 1634 ut
911 1575 1102 1635 notissimum
1118 1583 1174 1636 est.
1218 1573 1313 1632 verba

199 1670 273 1722 sunt
286 1657 411 1720 Hilariis
432 1660 494 1720 veli
514 1660 699 1720 honorarem
718 1659 861 1720 ouitodia
882 1662 990 1742 angeli
1000 1661 1187 1740 protegentis
1202 1661 1313 1734 artfer-

198 1757 264 1808 rur.
307 1755 446 1825 superest
457 1756 494 1805 ut
512 1747 660 1806 rationem
678 1748 788 1807 lectori
810 1746 934 1808 reddam
950 1746 1167 1807 emendationis
1183 1765 1226 1804 ex
1239 1765 1314 1804 con-

198 1834 315 1891 iectura
331 1830 523 1892 necsssmise.
566 1832 600 1891 in
614 1833 733 1893 duobus
750 1832 906 1892 codicibus
929 1832 1051 1912 optimis
1065 1833 1089 1890 li
1109 1831 1175 1890 etd
1189 1834 1274 1908 (uam
1288 1829 1313 1890 V

199 1916 284 1978 hunc
295 1917 397 1976 locum
414 1918 553 1977 funditus
567 1914 696 2000 omittit)
709 1914 787 2000 sapic
806 1915 864 1998 arie
883 1921 946 1980 τοῖν
965 1916 1086 2000 ὁδηγῶν
1106 1916 1315 1990 scribebatur,

199 2021 361 2090 quassatae
375 2003 467 2062 lectio
480 2005 623 2062 intricata
641 2012 695 2064 est.
737 2023 884 2082 quorsum
899 2004 979 2063 enirn
999 2003 1084 2063 istud
1097 1996 1157 2084 τήν
1171 2003 1314 2082 pertinet,

200 2098 255 2148 aut
272 2107 365 2168 quam
377 2109 442 2148 rem
455 2089 590 2168 indicat,
616 2109 686 2149 cum
707 2089 791 2148 nulla
812 2097 953 2150 occurrat
971 2089 998 2148 ei
1010 2089 1110 2168 generi
1128 2090 1316 2148 conveniens

201 2193 218 2235 a
232 2174 320 2255 priua
334 2182 387 2234 aut
401 2183 473 2256 post
488 2173 684 2236 memoratis?
705 2175 802 2236 solent
813 2183 949 2234 veterum
961 2173 1131 2234 istiusmodi
1143 2171 1317 2254 descripto-

199 2279 249 2320 res
262 2260 411 2320 librorum
431 2270 513 2320 certa
529 2261 680 2320 vocabula
696 2259 929 2342 compendiariis
943 2261 1023 2320 notis
1037 2260 1172 2340 pingere.
1219 2260 1317 2319 multa

199 2345 233 2403 in
258 2345 318 2404 hoc
342 2343 472 2450 utrorpu's
496 2346 569 2405 talia
587 2347 744 2423 visuntur,
777 2346 829 2406 ubi
846 2347 956 2426 passim
973 2340 1048 2418 ἆνος
1061 2365 1117 2426 pro
1133 2340 1315 2425 ἄνθρωπος,

201 2423 298 2504 crinio
317 2451 375 2508 pro
394 2423 545 2512 ονρανός,
567 2440 603 2492 ut
622 2442 764 2492 sexcenta
782 2432 920 2492 omittam
936 2431 1056 2494 similia.
1097 2429 1233 2512 putarim
1247 2449 1317 2508 ergo

200 2514 255 2574 hic
271 2510 334 2612 prio
348 2515 733 2614 compendiariescriptum
750 2514 928 2616 proripio,
950 2515 1175 2614 vocabulotiam
1195 2516 1235 2575 ad
1246 2535 1316 2575 aen·

201 2601 1166 2768 titt.ttttttffiilttttlttt?tliltsst‘li‘tsstlla
1180 2601 1316 2768 ..titii

123 2829 126 2846 ,
203 2763 322 2852 νήσεως
334 2769 422 2834 ἕνεκα
436 2774 599 2852 procedere
611 2773 737 2834 solitum
750 2774 824 2834 feria
837 2774 927 2834 tertis
941 2775 975 2832 in
985 2773 1201 2833 monasterium
1212 2773 1316 2833 llode-

203 2876 311 2936 gorum
330 2857 480 3004 populum
499 2866 531 2918 et
549 2859 651 2939 ipsum
673 2860 845 2940 principem
868 2859 992 2918 indicat.
1033 2859 1127 2918 verba
1149 2861 1216 2918 eius
1242 2858 1315 2918 haec

203 2937 375 3090 utri
384 2943 753 3110 intuuntur
767 2936 1114 3094 ‘titulun'
1132 2938 1316 3110 ‘iura

203 3135 261 3194 pov
278 3093 485 3195 nopotidliew
501 3053 860 3198 νιρονννντηῖζῐεωςηὲγνεναξι
876 3053 918 3176 adl
929 3116 1037 3195 quibus
1057 3051 1242 3174 vidiitdiia
1256 3125 1317 3174 ter-

202 3197 254 3257 tiis
265 3197 390 3258 solitum
406 3199 632 3302 imperatorem,
663 3221 703 3261 ex
725 3217 811 3262 more
824 3200 969 3299 videlicet
991 3201 1082 3262 stiam
1095 3201 1256 3299 populari,
1278 3199 1316 3259 ad

203 3283 352 3382 templum
372 3297 548 3384 monaster-u
562 3287 772 3388 Hodegorum,
796 3306 865 3385 cur,
885 3295 921 3385 ut
938 3287 1009 3346 ltcet
1024 3305 1318 3394 comminamur-en

202 3368 239 3427 rd
259 3364 443 3431 adhaesisset
463 3391 502 3432 ex
523 3393 559 3434 eo
574 3374 657 3455 quod
679 3373 742 3434 alltc
764 3373 927 3453 peculiaris
942 3391 1083 3432 memorre
1098 3393 1163 3432 των
1183 3373 1316 3454 οὖηγων,

98 3505 100 3512 ,
204 3451 264 3514 ltoc
281 3463 327 3514 est
343 3455 431 3516 iuxta
442 3457 529 3539 prius
544 3459 625 3518 dicta
639 3459 815 3538 angelorum
829 3457 1011 3533 custodum,
1033 3456 1250 3518 celebraretur.

291 3535 465 3619 ὄντωσις
484 3565 517 3625 p.
533 3544 595 3610 248
609 3565 638 3605 r.
650 3548 680 3608 8.
712 3543 827 3626 sideni
839 3537 995 3626 α’γαθότης
1011 3535 1089 3623 ἀρχή
1108 3565 1156 3618 τις
1170 3541 1316 3626 γενομένη

205 3629 269 3699 τοῖς
286 3622 329 3706 μή
354 3619 444 3691 οὖσιν
470 3629 514 3703 εἰς
528 3623 677 3694 'darum
726 3630 809 3689 sicli
826 3629 902 3689 etA
925 3627 1063 3687 codicest
1092 3627 1118 3687 V
1138 3637 1241 3687 totum
1258 3627 1316 3687 laoc

208 3729 327 3770 comma
341 3711 484 3776 transilit.
515 3710 645 3778 ὄντωσιν
661 3713 711 3782 hic
723 3722 879 3797 apparete
895 3712 1078 3793 Pachymere
1090 3713 1203 3774 dictam
1215 3709 1317 3793 issup-

208 3795 256 3870 ξιν
269 3801 455 3872 extantium,
479 3809 532 3861 aut
552 3810 592 3861 ut
608 3794 731 3861 scholae
753 3803 922 3880 loquuntur
935 3802 1138 3864 existentiam.
1181 3800 1317 3879 exempla

206 3880 336 3970 desum,
365 3903 442 3965 quae
465 3885 588 3966 quidem
609 3885 739 3946 viderim
757 3884 906 3947 haiue'ab
925 3885 993 3944 aliie
1014 3885 1153 3966 usurpati
1169 3887 1316 3946 vocabuli.

205 3969 287 4045 quod
302 3969 328 4029 si
342 3989 404 4030 non
416 3971 489 4030 alibi
507 3981 610 4032 noster
623 3972 751 4051 legerat,
774 3972 892 4032 viderat
904 3979 1006 4031 umen
1028 3980 1110 4030 certe
1127 3969 1180 4031 illa
1197 3973 1228 4029 S.
1246 3972 1318 4030 Dio·

206 4053 287 4132 nysii
303 4053 355 4116 lib.
370 4055 409 4116 de
422 4057 525 4118 Dicin.
542 4057 722 4118 Nominibus
739 4078 766 4118 c.
780 4059 801 4125 5
821 4056 858 4116 de
877 4056 937 4116 deo
951 4057 1084 4138 scripta,
1105 4049 1185 4138 ἆρχή
1197 4055 1251 4119 sul
1267 4053 1318 4135 pi-

205 4159 279 4215 τρον
295 4136 433 4215 αἰώνων,
455 4141 509 4206 nel
524 4139 644 4224 χρόνων
656 4137 799 4224 dandene.
843 4161 920 4223 quae
938 4142 1028 4202 etiam
1044 4141 1135 4201 verba
1154 4141 1238 4202 idem
1256 4143 1318 4200 Pa-

207 4220 364 4301 chymeres
389 4228 511 4308 prolixa
531 4229 697 4288 declaravit
715 4228 749 4288 iu
768 4249 822 4290 sua
847 4229 887 4288 ad
910 4249 979 4291 eum
1005 4228 1109 4288 locum
1129 4225 1317 4309 paraphrasi.

207 4323 278 4370 oum
300 4325 371 4392 ergo
399 4327 511 4376 nomen
529 4304 664 4398 ὅντῶτης
684 4314 728 4376 ibi
748 4315 910 4400 reperisset
929 4315 1016 4396 quasi
1036 4333 1076 4375 ex
1095 4314 1189 4378 verbo
1209 4309 1316 4391 inis,
