2774 4784
214 313 288 388 sot
509 303 752 398 'casarum
768 303 1039 374 recurram..

214 483 372 558 clarescet,
392 471 477 538 dedit
490 495 521 538 se
532 477 587 536 hic
599 475 632 535 in
648 475 745 552 mam,
766 481 796 534 et
811 493 892 533 nono
906 467 1017 530 abhoc
1029 467 1097 547 die,
1119 466 1203 529 feria
1220 475 1330 550 quarta

213 567 417 630 hebdomadae
435 553 594 638 Thoante(
627 560 742 642 primae
772 559 842 640 post
863 556 1050 632 Paschalern,
1089 553 1250 616 admissus
1277 555 1330 615 sat.

215 655 274 714 luit
294 673 327 712 ea
344 651 408 710 dias
430 647 544 729 Aprilis
566 647 680 725 quinta.
723 653 806 704 sexta
828 642 998 724 insequenti
1015 641 1126 701 Caesar
1144 640 1329 700 llontzerius

215 757 363 799 unacum
382 735 514 813 Augusto
536 731 681 794 Michsils
701 728 734 790 in
755 730 861 790 urbam
882 727 1110 808 Adrianopolim
1125 725 1262 786 solemni
1283 745 1332 784 ac-

218 841 308 884 cursu
319 817 515 882 invehuntur.
558 815 612 877 sed
624 815 714 897 paulo
730 813 799 894 post
812 815 891 873 idem
905 815 1013 874 Caesar
1025 813 1058 870 in
1069 811 1183 871 limine
1197 810 1331 870 cubiculi

217 909 384 985 Augustae,
413 923 503 983 quana
522 903 684 962 salutatum
710 900 790 978 ibat,
819 900 856 958 ab
880 898 988 958 Alanis
1005 915 1110 956 necem
1134 896 1199 955 filii
1221 895 1332 973 Georgi

219 993 323 1073 cyrici
344 987 525 1050 aCatelanis
544 995 691 1068 patratam
712 985 928 1046 ulciscentibus
947 983 1125 1043 interiectus
1149 990 1218 1059 est,
1239 989 1332 1062 prout

219 1079 240 1140 1.
255 1069 276 1144 6
291 1097 317 1137 c.
331 1073 558 1164 illdistiuctius
576 1081 728 1135 narratur.

111 1245 202 1305 ⁹⁵⁸³
561 1227 830 1316 CAPUT
882 1225 979 1314 vu

266 1371 355 1462 Quae
369 1377 567 1456 Pachymeree
578 1381 611 1438 in
627 1387 759 1456 utroque
768 1383 861 1456 parte
871 1373 967 1433 leuius
981 1371 1132 1431 bineria
1151 1374 1294 1453 sparsim

221 1465 321 1528 tradis
346 1463 383 1524 de
409 1465 497 1524 rebus
527 1473 555 1522 et
574 1461 769 1542 principibus
791 1457 1027 1540 Megadorum,
1062 1479 1097 1516 es
1124 1460 1332 1520 monumentis

339 1550 487 1609 Arabicis
502 1549 681 1623 illustrata,
704 1544 810 1605 ordine
830 1557 996 1625 temporum
1014 1542 1220 1623 digeruntur.

306 1669 330 1728 l.
374 1665 578 1745 hluguliorum
596 1665 714 1746 imperii
727 1665 789 1723 late
801 1683 855 1746 per
869 1663 968 1724 haiam
983 1663 1019 1722 ab
1035 1683 1116 1722 anno
1137 1661 1259 1724 Christi
1275 1663 1332 1722 cir-

223 1753 299 1814 citer
315 1751 521 1813 ducentesimo
538 1771 631 1832 supra
655 1749 846 1810 millesimum
870 1749 908 1808 ad
933 1747 1127 1808 millesimum
1156 1749 1331 1809 trecentesi-

100 1843 116 1908 ᾗ
222 1860 304 1898 mum
324 1837 579 1917 quadragesimum
594 1835 694 1911 clem,
718 1836 770 1896 sed
789 1835 872 1914 quod
890 1833 956 1895 iure
970 1833 1112 1893 nonnulli
1135 1835 1243 1912 questi
1257 1841 1331 1904 sunt,

223 1925 344 1982 Graecis
362 1921 531 2000 Latinisque
541 1921 741 2002 scriptoribus
756 1918 845 1979 nimis
857 1919 1060 2000 perfunctorie
1076 1921 1254 1992 memorati,
1276 1939 1331 1978 noa

120 2001 129 2014 ’
223 2009 313 2068 facile
334 2007 491 2086 quisquam
514 2007 589 2065 alius
614 2007 722 2064 hurum
741 2015 911 2086 temporum
934 2015 1005 2064 nota
1026 2023 1082 2084 per
1096 2003 1258 2085 Europam
1273 2005 1334 2063 line

223 2113 282 2172 gua
309 2111 383 2153 usus
404 2091 570 2153 historicus
597 2091 776 2150 crebriorem
805 2091 1084 2167 distinctioramque
1115 2094 1182 2148 suis
1213 2089 1331 2170 scriptis

223 2177 407 2238 mentionem
419 2177 548 2237 inseruit
562 2196 650 2255 quam
667 2175 861 2255 Pachymerea
875 2175 928 2234 hic
950 2183 1062 2234 noster.
1106 2174 1161 2233 cui
1176 2186 1331 2257 propterea

223 2263 407 2322 illustrando
426 2262 578 2322 addictam
593 2261 706 2321 dudum
720 2261 832 2320 habens
847 2275 987 2341 operam,
1009 2259 1112 2338 fugere
1127 2260 1219 2320 sal'vo
1233 2261 1329 2320 officio

224 2341 287 2407 ndu
306 2347 410 2426 potui,
433 2347 507 2426 quin
522 2346 637 2427 illigare
649 2335 733 2406 'certa
748 2347 866 2407 ratione
885 2341 1096 2424 chronologica
1115 2363 1250 2406 conarer
1264 2364 1330 2425 qme

223 2432 309 2492 varie
323 2433 374 2491 ille
389 2451 423 2488 ac
440 2431 565 2490 confuse
577 2432 714 2492 indicans
728 2431 835 2512 passim
858 2430 895 2489 de
916 2429 1056 2508 Muguliis
1075 2429 1213 2510 plurima
1229 2449 1330 2508 coage-

224 2516 286 2591 rlt;
306 2515 344 2574 ad
359 2516 440 2593 quod
453 2535 558 2596 parum
573 2517 680 2596 utique
694 2516 820 2576 subsidii
836 2515 867 2574 in
883 2515 1004 2576 Graecis
1019 2515 1199 2594 Latinisque
1213 2515 1331 2575 histori-

226 2600 269 2660 cis
291 2601 444 2680 reperiens
464 2601 622 2660 consulere
641 2621 708 2660 sum
732 2601 843 2661 Arabas
864 2609 996 2660 coactus.
1040 2615 1079 2659 ex
1102 2599 1151 2658 bis
1170 2603 1331 2680 Gregorius

224 2683 484 2764 Abulpharagius,
506 2683 694 2746 Christianus
717 2695 824 2746 auctor
842 2685 974 2745 accurati
996 2683 1158 2762 Chronlci,
1185 2706 1330 2766 nuperex

225 2769 354 2832 Arabico
379 2770 538 2830 Latinitate
567 2771 671 2831 donati
701 2779 790 2850 atque
818 2780 949 2850 utroque
974 2770 1163 2829 coniunctim
1191 2773 1332 2832 idiomate

225 2855 356 2916 bandini
371 2855 444 2916 editi
461 2855 498 2914 ab
515 2855 658 2916 Eduardo
682 2856 848 2932 Poeantia,
877 2857 910 2915 in
922 2855 983 2914 hoc
1001 2855 1038 2914 de
1051 2875 1085 2914 re
1101 2854 1241 2918 literaria
1259 2857 1333 2938 opti·

226 2941 423 3017 memerito,
450 2961 513 3011 me,
546 2941 626 3022 quod
650 2951 733 3020 grate
754 2944 863 3016 lateor,
892 2941 973 3001 iuvit
993 2940 1159 3016 insigniter.
1210 2944 1291 3002 vixit
1307 2951 1333 3000 ct

225 3024 349 3105 scripsit
363 3026 390 3085 is
403 3026 661 3108 chronographus,
687 3031 779 3106 prout
793 3025 947 3104 colligitur
959 3043 975 3084 e
989 3025 1080 3085 variis
1095 3026 1161 3085 eius
1175 3029 1280 3107 operis
1294 3028 1335 3086 lo·

202 3109 286 3184 ¹eis,
308 3108 473 3190 incipiente
498 3112 645 3174 dominari
668 3110 928 3190 Constantinopoli
949 3111 1039 3170 domo
1060 3111 1261 3190 Palaeologa‚
1283 3113 1333 3171 sub

225 3193 331 3276 primia
346 3195 410 3255 eius
425 3195 555 3256 nominis
572 3197 801 3278 imperatoribus
812 3196 957 3257 Michaile
973 3207 1003 3256 et
1017 3195 1195 3256 Andronico
1210 3191 1334 3272 seniorr,

226 3299 357 3360 quorum
376 3289 443 3340 aeta
468 3282 596 3342 duorum
618 3281 867 3361 Pachymarianae
879 3280 970 3341 huius
984 3280 1125 3340 historiae
1142 3282 1333 3343 volumina·

225 3371 433 3444 argumentum
448 3377 534 3427 sunt:
556 3367 791 3448 scriptitantem
805 3366 885 3426 etad
901 3385 1000 3426 rerum
1017 3385 1090 3426 vere
1101 3377 1259 3444 gestarum
1271 3389 1335 3428 exa·

226 3459 306 3510 ctam
325 3449 542 3511 indicationem
561 3463 592 3512 et
612 3453 650 3512 ad
669 3462 838 3532 temporum
861 3451 1096 3524 ordinationem,
1124 3465 1281 3530 quantum
1300 3473 1334 3514 ex

227 3534 389 3595 collatione
412 3555 482 3595 cum
504 3537 626 3617 optimis
649 3537 815 3615 quibusque
844 3538 1003 3617 explorare
1020 3536 1124 3615 potui,
1155 3537 1336 3600 fidelissime.

229 3637 323 3698 quare
338 3622 530 3681 accuratione
546 3643 633 3702 quarn
657 3631 789 3704 praestat
807 3622 839 3680 in
854 3621 891 3680 iis
906 3641 981 3701 quae
994 3629 1121 3701 possunt
1134 3622 1240 3683 alieno
1255 3626 1337 3685 teu·

227 3703 330 3763 monio
350 3708 489 3784 coargui,
517 3707 624 3786 dignus
647 3707 770 3768 videtur
788 3707 840 3768 cui
860 3705 934 3767 fides
954 3725 1058 3766 secure
1071 3703 1225 3770 habeatur
1243 3711 1278 3769 in
1292 3709 1336 3770 his

227 3801 305 3867 quae
317 3788 449 3849 affirmat
461 3791 553 3853 aolus.

311 3871 348 3934 ll.
389 3873 448 3934 Hie
468 3875 561 3955 igitur
589 3875 638 3937 aui
665 3861 808 3936 chronici
836 3873 869 3935 in
890 3873 1017 3936 Arabico
1038 3874 1163 3955 quidem
1190 3887 1338 3940 contextu

225 3976 260 4037 p·
274 3955 346 4034 427,
363 3957 397 4018 in
417 3961 522 4022 Latius
544 3981 617 4022 vero
638 3960 886 4042 interpretatione
906 3981 936 4040 p.
954 3964 1026 4037 280,
1045 3958 1087 4019 ait
1108 3981 1193 4021 anno
1209 3963 1338 4043 Regia-se

226 4042 301 4118 699,
319 4043 404 4104 cuius
418 4045 538 4107 initium
554 4047 613 4106 fuit
635 4047 697 4106 dies
719 4051 762 4112 20
773 4045 952 4124 Septembris
972 4046 1004 4104 in
1019 4065 1098 4104 annu
1109 4065 1199 4107 aerae
1215 4059 1337 4110 noatne

226 4123 341 4186 Christi
358 4129 487 4206 vulgaris
511 4135 603 4208 1202,
624 4131 759 4212 coepisse
775 4131 934 4210 imperium
948 4129 1192 4212 Megalensium,
1214 4133 1339 4195 desiisse

226 4217 327 4270 autem
341 4211 500 4292 imperium
524 4216 740 4276 Praesteinnnis
761 4216 825 4276 sive
842 4215 1009 4294 Presbyteri
1028 4215 1161 4279 loannis.
1208 4219 1337 4283 loannes

224 4303 290 4356 erat
306 4315 466 4360 commuue
484 4315 596 4364 nomen
625 4303 798 4382 principum
815 4301 962 4362 taunima
990 4301 1144 4380 quondam
1169 4303 1344 4368 dominam.
