2782 4792
191 277 266 354 ese
402 259 407 288 ²
493 274 731 346 onsunvrr.
755 267 994 344 rtemann.

189 447 267 530 getis·
278 465 401 526 ponere.
443 442 533 504 docet
552 441 586 504 id
602 463 660 504 nos
679 441 755 503 ritus
772 437 1203 522 ordinationiaepiseoporum
1219 439 1302 521 apud

192 534 341 607 Graecos,
363 528 417 610 qui
435 527 525 589 'extat
542 528 577 589 in
598 527 784 607 Eucbologio
803 547 837 609 p.
854 531 936 603 802,
958 525 1012 585 ubi
1035 527 1147 588 diserte
1167 525 1300 588 traditan

190 616 343 697 completo
364 614 498 693 Trisagio
517 613 717 674 celebrantem
736 613 914 695 episcopum
934 611 1096 673 ascendere
1116 612 1150 671 in
1170 611 1300 692 crepidi-

189 721 260 764 nem
278 719 381 762 caerae
399 719 535 775 mensae,
553 699 656 780 ibique
675 699 725 759 illi
746 698 851 760 offerri
865 718 883 757 a
895 699 1101 778 praesentibus
1115 696 1214 758 tribua
1229 698 1298 777 epi-

189 785 290 867 scopia
303 785 506 846 ordinmdunr
519 806 537 845 a
550 784 668 844 dextris
680 783 875 859 celebrantis;
899 804 916 842 a
928 783 1056 843 sinistris
1069 791 1167 844 autem
1180 783 1299 843 adstare

187 870 470 950 chartophylacem,
493 863 547 950 qui
568 869 733 930 celebranti
748 869 884 930 chaam
900 867 1007 946 offert,
1029 869 1061 928 in
1075 889 1134 949 qua
1149 869 1298 949 scriptum

188 957 230 1018 sit
249 951 351 1042 ψήφῳ
375 955 429 1019 καλ
451 956 615 1041 δοκιμασίᾳ
632 959 693 1019 caio
713 950 959 1035 deoprlecnieav
973 947 1146 1018 ἐπισκόπων
1166 952 1219 1016 καλ
1235 957 1300 1016 τῶν

188 1036 364 1145 desuadeas
388 1038 616 1148 meseonem,
639 1039 663 1121 ἡ
683 1042 758 1147 θεία
775 1034 863 1122 χάρις
875 1038 899 1120 ἦ
909 1037 1040 1103 πάντοτε
1054 1036 1093 1101 soi
1107 1035 1228 1118 ἀσθενῆ
1240 1045 1298 1101 θε-

188 1120 1298 1318 tt‘ttti‘rttttitittitttltttttttttiittititt}

83 1303 105 1355 P
122 1303 173 1358 481
193 1297 296 1379 saiada·
338 1291 500 1377 εὐξαίμεθα
522 1319 581 1360 ουν
602 1294 680 1374 daie
706 1291 807 1361 ου’τοῦ
825 1297 878 1360 ἵνα
897 1295 975 1379 ἔλθῃ
995 1289 1046 1358 in’
1066 1289 1197 1376 αιλιὸνὴ
1212 1291 1297 1377 χάρις

188 1386 247 1447 τοῦ
266 1383 419 1466 παναμλοα
444 1376 626 1461 πνεύματος.
670 1380 729 1441 boe
743 1390 789 1442 est
803 1381 957 1464 suffragio
972 1392 999 1439 et
1013 1380 1234 1460 approbatione
1248 1380 1297 1440 dei

187 1469 474 1528 amantissimorum
495 1471 703 1546 episcoporum
723 1479 752 1525 et
765 1470 1030 1526 sanctissimorum
1046 1466 1296 1546 presbyterorum,

79 1577 82 1598 ¹
188 1551 299 1612 divina
313 1555 439 1631 gratia,
462 1573 542 1633 quoe
559 1553 671 1631 ubique
686 1555 812 1633 infirma
827 1564 918 1611 carot
930 1564 963 1611 ⁴et
977 1547 1149 1630 dffceientt'a
1164 1554 1295 1631 supplet,

184 1649 341 1718 promovet
368 1639 408 1697 N.
431 1636 482 1696 dea·
501 1640 751 1697 amantissimum
769 1639 980 1718 preebyterum
1004 1639 1176 1718 episcopum
1196 1659 1218 1696 ιι
1241 1637 1297 1697 dee

187 1733 328 1804 amotae
345 1725 484 1781 civitatis
497 1725 537 1783 N.
551 1745 672 1782 eremesa
685 1727 786 1804 igitur
797 1745 855 1804 pro
871 1745 918 1802 eo,
940 1735 976 1782 ut
990 1725 1093 1782 veniat
1114 1743 1207 1801 super·
1227 1737 1298 1782 eum

186 1809 299 1889 gratio
318 1811 510 1868 eanmmsimi
531 1811 671 1888 spiritua.
715 1810 769 1870 ubi
791 1809 923 1869 chartam
942 1808 1020 1868 banc
1041 1809 1196 1869 celebrans
1209 1827 1298 1870 acce-

187 1893 247 1975 pit,
269 1892 500 1954 archidiaconus
516 1894 697 1954 audientiam
711 1895 831 1969 indicit,
855 1897 987 1954 clamans
1002 1887 1178 1974 πρόσχωμεν
1191 1907 1297 1954 attam

188 1977 312 2039 damus.
354 2000 427 2039 mox
449 1979 601 2039 celebrans
619 2000 705 2059 quaer
717 1981 831 2058 scripta
851 1981 969 2041 suntin
985 1977 1089 2039 charta
1103 1981 1296 2060 pronuntiat,

187 2063 369 2142 intelligibili
382 2066 499 2126 cunetis
512 2085 598 2126 voce.
641 2075 712 2145 post
726 2066 809 2144 quod
825 2074 861 2125 ut
875 2074 1036 2146 praecepto
1049 2065 1155 2124 orandi
1172 2085 1229 2143 pro
1245 2087 1297 2124 or-

187 2149 321 2210 dinando
346 2160 489 2232 pareant,
506 2160 570 2211 tarn
593 2151 646 2229 qui
666 2161 737 2212 sunt
748 2152 829 2211 intra
844 2151 994 2210 cancellos
1013 2150 1190 2230 presbyterii
1204 2167 1296 2230 quarn

186 2235 349 2315 quierntne,
372 2237 486 2316 pariter
502 2237 669 2296 acclamant
682 2233 769 2317 κύριε
782 2234 906 2316 ἐλέησον
920 2234 1041 2294 domine
1054 2239 1199 2294 miserere.
1220 2247 1297 2296 tunc

186 2320 340 2380 celebrans
364 2321 512 2399 evangelii
535 2323 679 2382 volumen
698 2322 831 2402 explicat
845 2331 875 2381 et
889 2322 933 2382 sic
947 2329 1085 2402 apertum
1099 2320 1231 2401 imponit
1244 2342 1296 2380 ca-

184 2405 244 2487 piti
268 2415 298 2464 et
318 2404 399 2465 collo
422 2408 488 2465 eius
510 2407 565 2486 qui
588 2408 765 2484 ordinatur,
785 2407 993 2467 adintentibns
1007 2408 1040 2466 in
1057 2425 1092 2466 eo
1108 2415 1137 2466 et
1152 2405 1220 2466 aliia
1233 2408 1296 2486 epi·-

186 2489 305 2570 acopis:
326 2483 512 2554 ἅναιιτύσσει
530 2488 566 2556 sd
585 2489 761 2574 εὐαγγέλιον
780 2491 799 2556 d
818 2486 989 2574 ἀρχιερεύς,
1011 2491 1063 2554 καλ
1085 2491 1295 2576 hazidedun*

185 2577 306 2657 κεφαλῇ
318 2574 371 2637 καλ
384 2579 429 2660 τῷ
439 2572 578 2660 τραχήλῳ
590 2581 647 2640 τοῦ
662 2577 937 2659 χειροτονουμὲνοο,
954 2575 1230 2658 ουνεφαοιιομλνων
1243 2577 1295 2640 καί

184 2663 247 2723 ταῖν
262 2656 362 2723 ἄλλοιν
375 2653 548 2743 ἀρχιερέων.
591 2683 629 2722 en
643 2663 718 2742 qnid
730 2663 771 2722 sit
784 2659 874 2744 ζογδν
886 2667 944 2725 τοῦ
957 2661 1047 2744 ἁγίου
1060 2656 1236 2743 εὐαγγελίου
1251 2686 1296 2725 τι·

184 2742 294 2821 θέναι,
317 2747 399 2824 qnod
411 2744 463 2806 bic
476 2757 579 2807 noster
592 2757 748 2825 memorat,
771 2749 952 2808 cerimoniae
965 2747 1165 2807 ordinationis
1178 2757 1294 2828 partem

183 2829 269 2890 illem
290 2831 374 2892 obire
395 2852 454 2911 qus
474 2853 558 2893 sacer
576 2833 724 2912 evangelii
746 2834 852 2893 codex¹
866 2834 1034 2912 explicatus
1053 2833 1181 2912 ponitur
1201 2849 1293 2912 supra

184 2925 278 2995 caput
293 2927 324 2976 et
337 2918 451 2978 collum
466 2918 529 2978 eius
543 2920 596 2997 qul
611 2920 772 2980 ordinatur
784 2918 823 2978 ad
839 2920 962 2979 modum
978 2918 1041 2997 iugi
1058 2921 1158 3000 ζυγοῦ.
1198 2937 1292 2998 porro

186 2999 219 3059 iu
234 3001 346 3062 codicis
361 3013 502 3082 apertura
520 3004 639 3064 curiosa
654 3005 828 3084 superstitio
839 3005 978 3084 captabat
992 3023 1082 3063 omen
1097 3023 1135 3062 ex
1147 3004 1249 3062 verbis
1262 3004 1291 3064 in'

186 3085 294 3146 oculos
314 3087 500 3148 adstantium
518 3089 746 3151 incurrentibus
767 3091 836 3152 visu
856 3091 955 3169 primo
975 3089 1093 3148 diducti
1113 3089 1291 3164 voluminia3

185 3171 274 3231 cuius
290 3173 432 3232 vanitatis
446 3176 617 3255 exemplum
631 3175 684 3236 laic
701 3175 901 3257 Pacbymeres
912 3175 1038 3250 recitat,
1058 3183 1152 3258 prout
1164 3175 1197 3234 in
1212 3175 1293 3236 arui.

184 3255 309 3317 natione
322 3257 477 3319 Athanasii
489 3261 626 3340 contigit.

269 3341 458 3424 θεμέλιον
478 3366 510 3426 p.
524 3351 586 3412 306
602 3367 633 3409 v,
649 3351 678 3413 8.
723 3347 795 3427 quid
814 3355 903 3408 vocet
921 3345 984 3406 boc
1004 3346 1073 3405 loco
1094 3343 1298 3424 Pachymeaes

184 3423 329 3507 θεμέλιον
341 3433 472 3510 πρῶτον,
494 3431 621 3510 exponit
633 3451 705 3491 mox
720 3433 754 3492 in
765 3451 854 3492 versu
868 3453 922 3511 per
937 3432 989 3490 illa
1004 3432 1096 3491 verba
1111 3428 1217 3513 πρώτη
1234 3425 1294 3512 βᾶ-

72 3553 75 3562 ·
184 3532 241 3587 σος.
284 3523 419 3592 asterga
443 3535 481 3575 ex
502 3517 565 3575 eius
586 3527 686 3577 mente
705 3517 848 3599 θεμέλιον
864 3511 993 3596 σελήνης
1008 3521 1129 3594 πρῶτον
1141 3518 1259 3597 primus
1276 3535 1295 3574 a

183 3598 302 3676 synodo
324 3601 474 3660 novilunii
494 3621 670 3679 processus,
691 3603 750 3662 boc
775 3613 820 3664 est
839 3606 991 3684 νοομηνλα
1008 3613 1039 3662 et
1060 3621 1165 3661 verum
1182 3602 1293 3662 mensis

182 3683 297 3744 lunaria
312 3685 440 3744 initium.
483 3677 599 3746 idcirco
618 3697 719 3747 autem
734 3709 797 3748 non
810 3688 906 3748 otiose
922 3687 955 3746 id
969 3696 1117 3762 notatur,
1130 3687 1214 3765 quod
1228 3687 1294 3767 ple.

85 3839 86 3844 ἵ
181 3787 311 3848 rumque
324 3771 356 3828 in
370 3768 530 3846 mensibus,
544 3771 645 3849 quales
659 3783 731 3833 aunt
744 3774 883 3847 Rotnani,
898 3773 1045 3844 solaribus
1058 3772 1214 3851 contingat
1228 3773 1294 3851 ple-

182 3855 352 3926 nilunium,
375 3865 406 3915 et
426 3857 611 3916 neomeniam
632 3858 671 3919 ad
691 3879 807 3920 menses
824 3859 958 3921 diverms
981 3858 1143 3938 pertinere.
1187 3867 1293 3917 osten-

183 3937 289 3999 demus
303 3951 401 4000 autem
414 3941 496 4002 libro.
509 3941 618 4002 barum
630 3943 883 4007 Observationum
897 3949 928 4020 3,
944 3944 996 4003 ubi
1011 3943 1188 4003 deiectionis
1200 3943 1294 4002 buius

183 4024 300 4084 lunaris
324 4025 456 4086 calculos
482 4027 640 4104 dabimus,
662 4033 823 4109 contigisse
840 4033 926 4090 illam
947 4029 996 4090 die
1016 4028 1055 4094 14
1069 4029 1197 4088 Ianuarii
1210 4049 1291 4086 antro

180 4109 254 4168 Chr·
272 4115 365 4176 1302.
407 4113 489 4172 unde
511 4124 555 4173 est
575 4135 762 4194 consequens
774 4116 945 4196 νουμηνίαν
961 4135 1038 4194 qnae
1051 4113 1211 4194 praecessit
1229 4113 1292 4172 hoc

180 4193 382 4273 plenilunium
395 4198 573 4278 eclipticum
587 4198 619 4258 in
635 4202 716 4280 ipsae
733 4203 861 4262 lanuarii
875 4201 1019 4260 kalendas
1028 4199 1182 4262 incidisse.
1220 4219 1291 4258 nam

182 4275 224 4343 14
237 4277 390 4341 luuaadic
405 4283 673 4364 plenilunio-liunt.
717 4288 882 4369 exprimere
902 4287 994 4366 igitur
1009 4296 1110 4347 noster
1124 4285 1176 4346 lric
1192 4286 1302 4353 voluit,

28 4541 219 4762 Δ
