2774 4784
412 275 493 348 sss.
517 275 560 348 s·
596 273 879 344 esossssrnu.
893 310 900 346 1.
974 219 977 228 ’
1124 273 1200 348 ⁷15

94 453 140 504 eet
152 437 293 521 meatim
307 459 369 507 cos.
381 460 455 508 cnm
465 441 601 503 Romane
613 439 774 519 exercitu),
790 449 926 520 penten,
946 441 1023 520 qses‘o
1033 437 1204 504 vadense.

95 550 192 610 quom
217 531 371 588 ermetem
392 538 476 604 erat,
493 529 606 608 facere
624 528 771 590 instituit.
822 527 997 606 Sangarius
1022 549 1057 586 ea
1079 524 1203 587 Adoreo

95 625 196 674 monte
216 636 272 694 per
290 614 463 714 Phrygiam
480 614 584 692 fluens
603 615 747 682 miscetur
765 607 810 668 od
826 611 1010 690 Bithyniam
1034 611 1206 692 dlsymlrreti

87 700 209 781 fluvi03
230 696 303 759 inde
322 719 423 760 masor
444 701 510 758 iam
527 699 696 780 geminatis
716 698 810 777 aquis
825 718 882 777 per
897 696 1081 776 Bithyniam
1097 697 1207 777 fertur
1253 751 1255 756 .

95 795 125 845 et
135 781 406 865 „inProponts'dem
424 805 486 844 sese
499 783 646 868 effundit,
667 805 728 844 non
744 793 810 840 trem
823 779 1040 862 magnitudine
1055 803 1208 843 numora-

97 869 171 946 bitte
184 891 281 952 quam
295 868 381 951 quod
387 872 525 951 piscium
542 870 656 929 accolis
670 871 822 948 ingentem
836 871 901 928 eim
912 867 1047 946 praebet.
1089 868 1133 928 ite
1146 868 1207 932 ille.

183 957 332 1020 Honesti
339 951 410 1019 sois
433 976 463 1036 Ρ.
478 959 542 1022 268
555 976 585 1016 v.
595 955 648 1022 16.
692 952 773 1032 quod
786 952 818 1012 in
833 953 928 1040 priori
937 952 1086 1014 Glossario
1100 953 1248 1016 admo-*P
1264 953 1317 1012 606

96 1040 215 1116 nebsm,
235 1041 268 1101 in
280 1040 430 1120 prioribus
444 1059 497 1100 sex
507 1039 593 1102 libris
609 1038 700 1100 huius
713 1037 856 1100 historiae
870 1037 1032 1098 desiderari
1044 1037 1210 1119 Pschyme-

95 1126 217 1188 tionum
231 1126 359 1205 Augusti
374 1126 482 1186 mensis
493 1145 602 1187 nomen
607 1168 617 1202 ,
638 1119 830 1206 propossitis
845 1124 904 1184 suit
920 1117 1065 1204 σφάλμα,
1086 1134 1124 1206 ut
1136 1145 1210 1186 mox

62 1230 67 1244 ι
98 1211 208 1276 dicam.
257 1222 338 1272 certe
364 1211 424 1271 hoc
444 1211 511 1272 loco
530 1211 740 1283 Ποσειδεῶνος
758 1209 907 1270 vocabulo
929 1209 1018 1290 plane
1039 1211 1158 1270 sextilis
1180 1220 1212 1272 et

97 1295 266 1376 Augustus
284 1297 395 1356 Latims
412 1297 510 1357 dietus
525 1296 633 1357 mensis
656 1294 846 1376 exprimitur.
880 1294 924 1374 ,id
941 1294 1128 1356 demonstret
1148 1316 1212 1358 non

97 1383 191 1442 modo
210 1400 299 1459 quem
315 1383 458 1444 continuo
480 1390 586 1444 rumor
605 1379 745 1458 adhibet,
765 1379 907 1440 indicatio
924 1381 1108 1461 tempestatis
1129 1381 1212 1458 ensi,

100 1485 161 1546 qus
175 1465 316 1528 nimirum
333 1467 374 1527 ab
395 1471 512 1528 aeetivo
531 1466 659 1526 cardine
672 1465 717 1526 od
728 1467 982 1546 aequinoctialem
997 1467 1048 1525 eol
1058 1463 1211 1526 declinat:

99 1551 155 1612 scd
168 1553 247 1611 clare
260 1551 356 1613 Vatia.
375 1553 516 1634 paraphr.
528 1552 678 1634 exprimit,
701 1551 743 1612 sic
754 1551 797 1610 ibi
809 1550 953 1612 scribens:
973 1545 1210 1634 similitudem

97 1635 153 1702 ael
168 1637 291 1724 εἰκοστῇ
301 1641 360 1703 τοῦ
369 1633 549 1722 Αὐγούστου
564 1632 667 1719 μηνός.
709 1646 927 1698 memoraverat
939 1647 970 1698 et
984 1635 1068 1698 hunc
1078 1657 1210 1698 mensem

98 1721 239 1802 vol.1p.
253 1724 316 1790 tes
330 1744 361 1788 v.
378 1728 398 1788 8
422 1733 536 1801 noster,
556 1724 625 1784 licet
639 1743 692 1802 ego
707 1742 761 1802 per
772 1722 963 1801 oblivionem,
983 1724 1032 1784 uti
1042 1723 1100 1786 iam
1113 1723 1210 1784 fassus

98 1827 185 1883 snm,
205 1806 291 1870 vobi
308 1828 339 1889 Ρ.
357 1813 421 1874 692
439 1809 607 1889 scripserim
619 1807 746 1888 Augusti
763 1806 1027 1887 Psebymerisnum
1048 1828 1156 1870 nomen
1176 1809 1210 1868 in

99 1911 137 1954 eo
150 1891 302 1954 volumine
315 1911 463 1998 nusquam
474 1903 589 1968 extare.
630 1895 673 1954 sic
685 1894 764 1954 enim
775 1893 818 1954 ibi
830 1894 949 1956 scribit:
970 1889 1038 1959 sire
1052 1891 1086 1957 et
1099 1899 1212 1958 Ποσει-

99 1979 217 2053 derisor
231 1978 429 2064 iesusirsnrp
450 1975 524 2060 pessi
540 1976 598 2060 sris
614 1972 832 2060 cristescirce
846 1972 964 2061 ἑορτήν.
1005 1979 1106 2056 ibique
1121 1979 1211 2046 ambo

99 2063 219 2142 codices
234 2064 340 2144 optimi
354 2063 529 2128 adscribunt
549 2083 619 2125 orne
638 2063 779 2143 marginis
793 2057 985 2147 Adyodcsoc,
1008 2073 1039 2124 et
1051 2063 1212 2124 vaticanus

99 2149 198 2224 solum
211 2149 248 2210 id
259 2144 368 2210 romeis
382 2149 415 2210 in
429 2159 606 2212 contextum
620 2149 737 2230 recipit.
780 2148 1024 2228 demonstratque
1037 2147 1116 2212 idem
1132 2149 1213 2226 setis,

21 2283 28 2294 .
99 2244 138 2296 ut
153 2234 211 2294 slis
225 2233 334 2296 indicis
348 2235 499 2314 deessent,
521 2234 603 2314 quod
619 2245 733 2296 sexum
752 2233 896 2294 decimam
913 2234 994 2296 illam
1008 2234 1092 2294 cuius
1106 2233 1215 2296 memi-

101 2321 150 2382 nit
171 2318 248 2379 diens
276 2321 410 2382 illuxisse
440 2322 485 2382 ait
502 2320 655 2402 postridie
674 2321 757 2400 festi
778 2318 936 2400 deiparae,
962 2319 1085 2382 maximi
1106 2337 1215 2400 nempe
1328 2383 1333 2402 1

101 2406 237 2466 omnium
248 2405 359 2468 Mariae
376 2407 481 2468 matris
499 2407 547 2468 dei
559 2407 642 2485 sesti,
667 2404 749 2485 quod
764 2405 807 2468 sic
826 2427 879 2487 per
899 2405 1135 2468 antonomasiam
1151 2407 1216 2466 sine

101 2491 368 2568 addicebantur,
389 2511 495 2573 nempe
510 2492 719 2573 assumptionis
730 2490 793 2554 eius
811 2491 844 2552 in
857 2493 988 2572 coelum,
1010 2491 1092 2572 quod
1109 2491 1216 2552 Graeci

100 2577 189 2638 iuxta
219 2595 290 2638 cum
311 2578 424 2640 Latinis
447 2578 501 2640 die
515 2579 643 2660 Augusti
670 2577 778 2638 mensis
807 2577 1025 2656 quintadecima
1054 2577 1217 2639 celebrent.

100 2671 149 2724 est
165 2670 266 2722 tamen
279 2663 544 2752 nbi-Paebymeres
558 2685 577 2724 a
595 2665 702 2744 seipse
717 2662 939 2742 quodammodo
955 2661 1110 2741 deficiens,
1131 2673 1216 2725 etex

101 2748 208 2824 mena,
229 2758 267 2808 ut
280 2750 402 2831 opinor,
423 2751 620 2830 magisquem
639 2769 677 2810 ex
690 2749 813 2831 propris
824 2751 985 2825 sententis,
1006 2768 1138 2808 mensem
1148 2747 1216 2809 Διι-

101 2843 223 2914 gustum
235 2854 297 2894 non
315 2837 512 2900 nostrerum
523 2836 577 2896 sed
591 2839 860 2916 Mospeusnossiou
874 2828 943 2898 κατ’
954 2829 1139 2913 Ἀθηναίους
1153 2854 1214 2895 vo·

101 2927 169 2995 cat,
189 2938 219 2998 p.
236 2922 298 2986 382
316 2942 345 2983 v.
361 2927 412 2988 19.
454 2922 485 2981 in
507 2941 595 2999 quem
609 2921 710 2980 locum
728 2919 798 2981 vide
813 2941 889 2999 quae
908 2929 1086 2980 annotemus
1105 2919 1138 2978 in
1154 2919 1215 2980 hoc

101 3004 170 3084 ipso
182 3005 349 3153 Gtopssrio,
369 3005 465 3078 verbo
478 3004 741 3092 Μαιμακτηριών,
762 3014 794 3066 et
812 3005 869 3073 1.8
888 3004 999 3068 harum
1018 3005 1217 3068 Observatioa

101 3109 178 3152 unm
190 3110 219 3152 e.
266 3110 298 3151 n.
314 3091 345 3158 6.

189 3175 378 3258 npdvosus
398 3198 430 3258 Ρ.
446 3181 509 3246 209
524 3197 554 3238 v·
572 3180 624 3244 11.
667 3175 812 3238 dicuntur
827 3175 879 3236 hie
893 3167 1034 3258 npo'vosns
1042 3179 1214 3257 pensiones,

102 3280 181 3341 quse
194 3261 244 3322 vel
255 3261 288 3322 in
303 3263 470 3323 mercedem
485 3281 592 3343 operae
606 3261 769 3342 praesentia
782 3261 831 3321 vel
846 3262 878 3322 in
889 3261 1055 3342 praemium
1065 3261 1213 3343 praeteri-

102 3357 154 3408 tae
171 3347 353 3408 merentibus
367 3357 421 3416 aut
434 3348 565 3410 emeritis
578 3368 594 3406 e
610 3347 731 3429 publico
746 3348 922 3426 solvuntur;
943 3350 1044 3427 quales
1063 3347 1213 3425 hodieque

103 3434 143 3492 ub
155 3432 237 3492 Italis
252 3443 282 3492 et
296 3433 387 3494 Gallis
394 3436 581 3514 provisioni,
598 3435 774 3513 provisions
787 3433 912 3494 vocitari
927 3433 1075 3496 audimus.
1118 3452 1214 3492 unno-

103 3528 182 3580 tasse
192 3518 252 3578 iam
265 3517 325 3580 hoc
345 3517 541 3581 debueramus
557 3520 589 3582 in
607 3519 683 3578 tomi
697 3519 807 3599 prioris
821 3519 987 3581 Glossario:
1007 3517 1122 3598 saepius
1134 3515 1215 3577 eninr
1255 3565 1262 3578 .

101 3605 135 3665 iss
154 3601 282 3664 historia
299 3603 452 3666 Micbsilis
472 3614 576 3666 noster
596 3604 677 3666 hanc
695 3625 801 3665 vocem
823 3607 881 3666 ists
903 3605 1027 3666 notione
1043 3602 1216 3682 usurpavit,

103 3691 225 3770 quaein
241 3689 367 3751 classicis
379 3709 441 3750 non
454 3692 604 3772 reperitur
618 3691 802 3752 auctoribus.
845 3710 941 3752 unum
959 3689 1009 3750 hic
1027 3707 1043 3747 e
1061 3689 1163 3749 multis
1182 3685 1217 3746 in

101 3777 252 3856 specimen
266 3775 366 3836 locum
377 3797 505 3857 ponem,
525 3797 557 3858 Ρ.
573 3783 613 3844 16
625 3797 658 3838 ν.
675 3781 708 3842 9:
729 3776 889 3860 προνοίαις
907 3768 939 3840 δ’
957 3768 1124 3838 laconismo
1144 3768 1218 3848 τούς

102 3859 332 3944 ἐπιδοξοτέρους
346 3861 400 3926 sui
416 3855 463 3940 cle
483 3867 622 3946 sotpoiss
637 3858 671 3928 si
687 3855 837 3947 φρόνημα
857 3855 1030 3946 γράμμασιν
1044 3858 1218 3943 ἐδωροῦντο

126 3953 280 4022 ασιλικοῖς.

101 3949 125 4030 β
190 4031 469 4114 nooceopltov
488 4053 521 4114 p.
534 4035 597 4100 616
613 4052 644 4093 v.
659 4031 690 4098 6.
733 4041 840 4092 contra
861 4049 958 4091 mesm
973 4027 1065 4088 buius
1081 4026 1141 4086 loci
1162 4044 1218 4086 ex-
1334 4095 1339 4102 Ι

103 4116 299 4199 positionem,
323 4139 381 4198 qus
400 4117 642 4201 noocsopliovse
658 4115 845 4176 sacerdotem
857 4115 1053 4176 celebrantem
1066 4113 1219 4192 interpre-

104 4211 187 4262 tatus
203 4223 286 4280 snm,
310 4223 402 4283 greve
414 4212 494 4265 stare
512 4201 732 4284 praeiudicium
752 4203 842 4263 rideo
860 4199 990 4262 hominis
1011 4199 1116 4278 utique
1129 4197 1220 4258 valde

105 4288 188 4350 docti
206 4298 271 4352 ets
290 4307 339 4354 me
359 4307 475 4372 semper
492 4308 561 4352 cum
577 4307 634 4350 suo
652 4297 719 4350 tum
736 4287 783 4350 sui
804 4286 918 4352 ordinis
939 4285 1049 4349 merito
1065 4281 1220 4369 permagni
