2798 4786
224 291 318 370 1λοι
539 283 717 360 GEORGII
741 291 1007 362 PACHYMERIS

220 469 334 532 παθῶν
358 453 453 546 εἶχεν,
480 464 507 532 ελ
528 468 669 540 τοιοῦτος
690 460 733 530 ὢν
755 463 788 532 ίν
810 463 923 550 λογίοις
946 467 996 532 ναί
1021 469 1161 542 τοιούτος
1175 465 1275 531 δοκῶν
1291 465 1324 531 ds

220 562 384 652 δογμύτονν
408 562 562 654 ἐπιστήμῃ
587 567 786 653 παροβσοίος
808 571 859 634 καί
880 567 974 644 πελτδς
996 569 1173 654 λγιιιιλοῖτο,
1200 571 1324 652 πολιῆς

151 661 163 698 i
218 671 364 755 μεγίστης
371 718 382 750 ,
405 666 448 744 nir
464 667 600 740 λ’πειθον.
641 668 718 736 ὅθεν
732 672 782 736 ναί
797 667 974 754 ἀξιούμενος
988 673 1138 758 διορθοῦν
1152 670 1188 738 si
1205 673 1324 758 σφολέν

220 768 333 855 αύτύς,
357 773 390 840 ἔν
412 776 500 862 δεινῷ
520 769 703 856 ποιούμενος
722 773 758 840 sd
780 771 910 861 οφύλμα
926 771 1082 860 ὁμολογεῖν
1097 775 1129 840 ἐν
1143 783 1208 852 τοῖς
1223 773 1323 841 αὐτοῦ

183 871 419 960 (λγρύμμασιν,
446 873 502 942 σύν
523 877 682 956 ἐπείθετο,
711 875 791 942 ἀλλὰ
805 880 855 944 sni
871 880 1092 963 προσωργίζετο
1103 873 1348 965 ύπερηφανῶν.6

220 979 257 1045 'cd
274 977 303 1045 δ’
319 979 463 1046 ἐντεῦθεν
479 975 657 1066 προσιόντες
670 984 795 1061 βασιλεῖ’
804 987 969 1065 πεισμονῆς
986 978 1147 1048 ἐνεκάλουν
1163 984 1217 1048 ποί
1227 980 1254 1066 γ’
1272 981 1325 1048 ολ-

222 1082 351 1167 ρίοεοις,
379 1084 430 1148 eol
448 1080 645 1166 ἀπεσχίζοντο
660 1081 732 1148 κατ’
746 1081 847 1168 ὀλίγον
864 1084 978 1151 ἐκείνου
994 1081 1036 1160 cic
1046 1084 1091 1168 μὴ
1104 1083 1212 1176 ύγνοίρι
1224 1087 1324 1170 δῆθεν

180 1197 207 1252 1>
223 1188 274 1252 ναί
299 1189 477 1272 ξυναρπαγῇ
500 1181 732 1270 περιπεσόντος,
760 1184 840 1252 (illd
861 1183 1048 1275 καί-γνώμῃ.
1107 1186 1174 1276 (5)
1200 1187 1240 1254 soi
1262 1186 1323 1273 γὰρ

220 1287 282 1376 πρδ
305 1295 361 1354 τοῦ
373 1287 508 1373 ’ἤπειγον
529 1286 660 1366 τούτους
674 1285 832 1366 τοιούτους
846 1286 925 1355 eleni
937 1316 970 1356 τε
986 1294 1037 1356 καί
1052 1293 1230 1376 φαίνεσθαι.
1274 1289 1323 1356 ¹sd

180 1423 181 1426 ¹
219 1391 253 1460 δ’
278 1384 364 1476 ἦσαν
379 1397 504 1476 πρῶτον
525 1393 583 1474 μίν
597 1392 633 1458 sd
649 1399 705 1458 τοῦ
715 1391 943 1478 Ἀλεξανδρείας
952 1392 1143 1460 Ἅθοταοίου
1150 1441 1160 1472 ,
1189 1392 1367 1464 dracoi-10

129 1507 151 1562 P
169 1509 202 1564 81
220 1500 286 1571 λοῖς
308 1490 426 1579 δπῆγον
445 1504 511 1571 τοῖς
533 1501 678 1578 χαλεποῖς
703 1491 853 1581 πρότερον
859 1545 870 1577 ,
902 1496 991 1582 μέχρι
1015 1498 1066 1562 eni
1087 1495 1184 1580 αὐτῆς
1202 1497 1325 1582 ἐξορίας

220 1595 417 1684 περιστάντες
431 1597 489 1682 τὴν
504 1594 676 1684 δριμύτητα
694 1605 756 1666 τῶν
771 1605 892 1679 aanor}
919 1598 974 1686 lq'
991 1589 1016 1690 ᾧ
1032 1598 1087 1666 sis
1105 1595 1201 1682 τύμον
1219 1605 1325 1664 ποθο-

218 1697 406 1788 ιιογρύψειε,
434 1698 491 1766 elie
505 1701 616 1777 ίιιιῖτος
628 1701 706 1782 μετὰ
722 1701 838 1778 πολλὰς
851 1704 993 1786 ἐπηρείας
1007 1702 1061 1769 sir
1074 1701 1131 1785 μίν
1143 1699 1257 1785 τόμον,
1280 1699 1325 1777 ὥς

217 1804 261 1888 μή
282 1799 454 1886 δοκιμάζειν
469 1801 546 1887 ἴχεον
564 1800 606 1880 ὥς
621 1803 792 1888 ἀλλοεθνὴς
808 1807 857 1870 ναί
875 1811 938 1872 τῶν
951 1802 1113 1890 ἡμετέρων,
1123 1808 1229 1872 δοκῶν
1246 1801 1325 1882 ἀξύ-

217 1931 303 1984 νετος
327 1902 344 1972 δ
365 1912 515 1986 τοσοῦτος
530 1906 586 1993 τὴν
602 1914 732 1994 γνῶσιν,
759 1905 950 1997 παρεθεύρει
957 1957 968 1991 ,
996 1907 1093 1994 ύλλην
1108 1907 1147 1975 δί’
1157 1934 1226 1976 τινα
1243 1903 1366 1992 ὁμο-λδ

288 2071 314 2126 8.
332 2053 387 2138 τοί]
404 2067 436 2126 rc*
456 2069 487 2125 P.
507 2071 524 2093 '¹
593 2072 634 2126 12
651 2067 862 2140 περιιοιοὶντεςλ

216 2208 350 2262 doctrinae
373 2207 560 2262 existimatione
585 2205 718 2262 subnixum
740 2205 858 2262 aoensari
880 2205 1049 2262 aberrationis
1065 2223 1082 2260 a
1098 2204 1217 2276 dogmate
1233 2205 1325 2260 odbo-

217 2277 301 2342 doxo,
325 2277 449 2348 eiusque,
473 2284 503 2330 ut
526 2278 564 2332 sui
587 2277 689 2347 quidena
714 2275 856 2330 adversarii
877 2275 1035 2346 persuadere
1052 2283 1220 2339 conarentur,
1245 2273 1324 2343 longe

217 2347 384 2415 gravissimae
406 2363 438 2400 sc
459 2345 631 2415 cuspiniano.
667 2363 748 2415 quare
764 2347 797 2398 ad
814 2347 882 2398 buno
898 2345 944 2398 tali
959 2345 1324 2413 indignationepraaoccnps-

217 2425 273 2470 turn
290 2431 346 2468 eum
363 2416 495 2468 venissent
510 2415 556 2485 qui
572 2421 695 2482 rogarent
709 2421 740 2467 ut
756 2415 812 2484 ipse
835 2414 978 2481 corrigeret
993 2414 1062 2483 qnod
1078 2415 1107 2467 in
1124 2419 1193 2466 torno
1209 2412 1265 2466 eius
1283 2412 1323 2464 ri-

133 2487 137 2496 ‘
217 2485 284 2536 tiase
307 2483 359 2536 scri
378 2489 433 2538 tuna
454 2491 525 2547 erat,
550 2485 697 2552 praefracte
719 2482 824 2552 negarit
846 2499 986 2551 agnoscere
1008 2501 1037 2536 se
1058 2482 1195 2553 quidquam
1222 2481 1248 2534 in
1273 2497 1322 2535 sao

217 2559 288 2606 tomo
305 2501 378 2621 quod
393 2551 522 2606 emendari
535 2569 603 2622 ,opus
619 2558 704 2616 asset,
721 2551 754 2606 da
769 2551 894 2634 petitione
907 2552 1013 2622 iusuper
1028 2552 1073 2606 illa
1089 2552 1161 2621 ipsa,
1179 2549 1217 2604 uti
1234 2549 1267 2604 de
1284 2549 1323 2602 ir.-

217 2631 311 2689 roqata
328 2620 376 2674 eibi
395 2621 563 2685 contumelia,
578 2637 751 2690 conquerens,
768 2637 859 2704 arsque
877 2637 909 2674 ex
926 2623 996 2674 fastu
1013 2639 1063 2674 non
1080 2620 1178 2674 modica
1193 2619 1321 2674 saeviens.

216 2690 255 2744 sic
277 2689 375 2760 repulsi
397 2690 441 2760 qui
458 2690 633 2810 patriarcham
661 2689 795 2755 adierant,
820 2689 969 2759 imperatori
985 2690 1163 2744 reconderunt
1178 2705 1229 2742 non
1245 2687 1321 2742 nando

236 2775 313 2812 rarae
330 2769 419 2814 conus
438 2759 455 2812 li
476 2758 498 2811 ei
516 2760 607 2829 dogma
624 2759 810 2829 persuasionis,
833 2759 879 2812 sad
896 2759 986 2813 addita
1007 2759 1067 2818 buia
1082 2757 1227 2828 pervicacis
1243 2757 1321 2810 etissa

216 2776 353 2882 iterem
382 2833 537 2898 compertam
562 2845 619 2882 eum
641 2828 732 2882 teneri.
766 2827 938 2899 deincepsque
965 2827 1058 2882 sensim
1082 2826 1183 2896 plurimi
1207 2827 1240 2880 sb
1265 2825 1320 2878 eius

217 2899 390 2952 communione
407 2915 437 2950 se
454 2897 653 2964 abscindebant,
673 2905 701 2952 ut
717 2897 825 2952 bominis
842 2915 891 2950 non
908 2897 1052 2968 ignorantie
1068 2896 1168 2950 scilieet
1183 2894 1257 2966 lapsi,
1274 2899 1322 2948 aut

217 2966 242 3020 ia
261 2975 338 3036 raptu
355 2969 446 3020 mentis
462 2967 513 3020 alin
531 2974 646 3020 attentae
662 2984 739 3020 caeco
756 2984 804 3036 par
820 2966 944 3020 lubricum
961 2967 1069 3036 impulsu
1086 2966 1112 3020 in
1130 2964 1227 3020 τυίοοατ
1241 2980 1321 3032 prse-

218 3035 335 3104 aipitati‚
362 3037 407 3090 sed
431 3044 503 3089 certa
523 3036 634 3090 scientia
650 3036 754 3106 fixeque
770 3035 846 3089 animi
863 3035 1005 3105 pertinacis
1021 3052 1135 3088 οιιοτσι
1150 3031 1319 3102 amplexantis

217 3121 299 3159 suum.
343 3105 401 3174 (5)
429 3106 493 3158 baec
510 3106 673 3175 patriarchae
690 3105 849 3160 contumacis
866 3111 895 3158 ut
912 3105 1010 3158 cunctis
1027 3104 1156 3157 rideretur
1173 3100 1322 3155 intolerabi-

215 3173 274 3238 lior,
291 3173 423 3228 faciebant
440 3190 506 3242 quae
523 3173 600 3243 paulo
618 3175 688 3244 priua
706 3175 731 3228 in
750 3190 863 3228 summae
879 3173 1013 3242 diguitatis
1030 3171 1242 3254 auctoritatisque
1259 3186 1322 3254 per-

216 3259 293 3297 sonas
317 3243 476 3296 εειοιίεοίιο
501 3243 527 3296 in
553 3244 602 3296 boc
624 3248 719 3312 genere
738 3244 779 3312 egi
797 3260 884 3296 onnes
906 3242 1034 3296 viderant.
1068 3241 1209 3296 inreoentr
1225 3255 1322 3309 qnippe

216 3311 337 3364 memoria
352 3312 505 3366 versabatur
521 3330 597 3382 quam
614 3313 683 3365 nulls
699 3313 790 3366 fuisset
806 3311 897 3366 babita
912 3312 979 3364 ratio
996 3312 1100 3364 virtutis
1117 3309 1249 3362 doctrinae
1259 3324 1322 3376 prs-

217 3380 317 3449 dnsque
341 3378 488 3450 conspicui,
513 3383 604 3450 quibus
630 3381 850 3451 Constantinopoli
876 3380 1043 3450 peregrinans
1060 3379 1189 3434 eminebat
1204 3377 1323 3430 Atbans-

215 3447 270 3502 sius
290 3449 477 3503 Menandrinus
499 3450 659 3519 patriarcba,
686 3467 742 3503 cuna
766 3451 836 3504 illusa
858 3449 1027 3503 ecclesiastici
1043 3449 1148 3504 volente
1165 3449 1321 3530 imperatore

215 3517 437 3572 vehementissime
459 3526 579 3572 arserunt
595 3521 628 3574 ad
646 3519 859 3588 subscriptionem
877 3518 952 3582 tonui,
973 3518 1132 3586 gravissimis
1154 3516 1259 3570 indictis
1275 3532 1321 3568 re-

216 3587 317 3640 cusanti
340 3587 443 3657 poenis,
466 3605 547 3658 usqne
563 3589 596 3642 ad
613 3588 696 3672 ipsarn
713 3588 862 3642 eiectionem
879 3587 904 3642 in
922 3587 1031 3641 uilium.
1067 3589 1158 3657 quibus
1180 3586 1223 3638 ille
1246 3583 1322 3638 minis

215 3655 338 3726 malisque
361 3674 411 3710 non
428 3664 576 3726 pertractus
591 3659 694 3728 quadem
722 3673 826 3727 prorsus
843 3665 885 3710 est
901 3674 932 3711 eo
948 3673 1000 3726 quo
1017 3657 1210 3725 impellebature
1233 3661 1322 3706 umen

217 3723 313 3780 acerba
332 3725 440 3796 plurima
458 3743 610 3797 perpessus,
634 3726 736 3780 tandem
754 3726 838 3796 aliquo
857 3725 930 3779 ruodo
947 3725 1100 3781 satisfacere
1116 3725 1232 3789 curavit,
1256 3721 1323 3774 elle-

215 3800 279 3865 gste
295 3795 459 3850 excusatione
473 3795 615 3864 plausibili,
632 3797 701 3851 band
718 3812 790 3849 suum
808 3811 880 3859 essa,
897 3794 1004 3848 bominis
1020 3795 1095 3864 longe
1111 3812 1128 3847 s
1144 3811 1193 3848 sua
1208 3789 1323 3846 ecelesia

216 3864 295 3918 vitsru
321 3881 431 3935 peregre
455 3865 584 3934 privatam
608 3865 756 3928 actitantis,
782 3863 904 3934 scriptum
922 3864 1047 3934 praesidis
1063 3863 1118 3918 eius
1135 3863 1208 3916 urbis
1224 3861 1251 3915 in
1267 3877 1322 3930 qus

215 3933 273 4004 ipse
295 3933 388 4002 bospee
411 3933 532 4002 degeret,
557 3933 648 3986 iudicia
673 3951 720 3986 suo
737 3933 878 3996 subiicere,
904 3934 971 4004 quod
989 3937 1104 3988 lactarus
1120 3933 1270 3996 videretur,
1294 3928 1320 3982 si

215 4019 288 4058 σασα
305 4002 342 4056 illi
359 4021 376 4056 e
391 4019 422 4056 se
437 4003 504 4056 lecto
522 4004 683 4056 subsuibere
700 4020 790 4056 nomen
807 4009 950 4056 attentaret
966 4002 993 4056 in
1009 4003 1109 4070 signnm
1126 4001 1269 4055 munuae
1285 3999 1322 4051 da

214 4070 270 4140 ipso
287 4089 365 4138 suae,
389 4072 540 4143 praesertim
566 4089 622 4124 cura
648 4073 757 4140 probare
773 4071 867 4126 librum
883 4071 1070 4141 inexploratum
1087 4088 1161 4125 nemo
1177 4085 1256 4124 sanas
1273 4067 1322 4120 de-

214 4139 306 4210 beret,
331 4144 466 4210 explorare
489 4143 574 4194 auteur
595 4147 643 4196 aut
668 4149 790 4210 quantum
813 4157 861 4209 per
885 4154 942 4194 arat
964 4141 1109 4211 expendere
1124 4147 1179 4193 tam
1196 4137 1277 4192 sualts
1292 4136 1325 4190 ln

93 4205 104 4230 ⁹
214 4213 283 4262 tomo
298 4211 396 4280 scripta
413 4209 458 4263 otii
475 4225 507 4264 ae
524 4204 656 4264 facultatis
671 4226 722 4262 non
739 4217 808 4276 earet
823 4226 895 4272 suae,
912 4210 1030 4279 quoniam
1047 4210 1107 4264 alibi
1123 4209 1247 4262 ducatus
1258 4221 1324 4260 usas

216 4292 249 4332 ao
263 4293 354 4332 senatu
370 4278 489 4350 proprios
507 4278 804 4351 constantinpolitanae
828 4277 953 4334 eeclesiae
968 4280 1053 4334 uiuus
1074 4284 1224 4351 perspectos
1239 4276 1324 4332 babe-
1375 4339 1389 4366 ι
