2774 4784
190 271 266 344 812
496 261 733 336 aestaset.
755 261 991 332 PAOEYHER.

190 433 358 498 maximum
374 433 408 494 in
425 439 529 514 putes
549 430 690 492 Catheise
710 439 742 490 et
761 427 891 492 Hulucu
912 424 1090 488 moneant
1115 421 1161 484 sb
1187 419 1272 501 ii'oc,
1284 421 1327 482 'ia

192 521 361 584 occiduam
376 517 556 598 Megalensis
568 515 688 598 imperii
702 515 840 576 timitem.

115 663 121 676 ,
277 605 331 664 tx.
376 603 463 664 dano
485 601 612 681 ssopan
630 602 702 676 661,
721 601 805 660 cuius
823 597 941 680 primas
954 596 1021 656 diae
1038 595 1074 656 iu
1092 615 1187 656 suno
1204 593 1323 653 Iuliano

193 687 505 754 eonsentientes
528 697 574 748 est
586 685 693 748 tertius
712 685 822 746 mensis
841 682 957 758 Martii,
987 681 1169 761 capessivit
1189 679 1323 738 Hclaou

193 775 260 836 sire
279 773 403 833 Chalai
417 771 607 834 commissam
625 770 683 832 sibi
705 791 785 832 suno
810 769 965 850 superiore
986 767 1232 848 praefecturam
1245 785 1323 846 pro·

193 859 365 920 emmeram
385 857 593 918 Occidusrum
615 856 798 934 Megalensis
820 853 954 934 imperii,
982 855 1026 912 sd
1056 871 1142 931 quse
1164 851 1324 932 profectus

192 953 240 1004 est
260 943 376 1003 ducens
399 942 566 1003 exercitum
584 941 858 1002 numerosissimum
882 949 973 1020 atque
990 937 1226 998 lectissimum:
1254 939 1340 994 nam'

194 1028 353 1108 esingutis
368 1027 530 1088 decadibus
551 1026 683 1087 militum
702 1027 779 1087 duos
804 1023 902 1104 elegit.
926 1022 1168 1104 suppeditavit
1190 1020 1322 1082 etismes'

195 1112 385 1174 ilunkskscs
407 1115 492 1172 Kese
509 1114 661 1191 ingentem
676 1119 857 1193 apparatum
874 1127 1028 1168 armorum
1042 1117 1075 1168 et
1101 1107 1322 1170 machinarum

196 1217 268 1260 oum
291 1197 383 1259 fabris
405 1215 519 1258 mrum.
562 1197 653 1256 duxit
676 1217 794 1278 quoque
814 1215 916 1256 mcum
935 1194 1073 1254 aarum
1092 1192 1210 1254 'fitium
1232 1211 1321 1252 suum

90 1291 112 1344 P
129 1287 181 1344 589
197 1293 274 1344 netu
286 1283 451 1344 maximum
467 1281 638 1356 (Abaiarm
659 1281 760 1362 inquit
770 1279 1026 1361 Abulphersgius:
1056 1287 1109 1338 est
1131 1279 1161 1340 is
1179 1279 1250 1338 sine
1263 1275 1320 1336 du-

196 1369 248 1430 bio
264 1387 350 1448 quem
366 1366 561 1447 Pschymeres
575 1369 722 1448 Apagam
735 1371 840 1444 voest)
851 1364 1064 1445 etprimsrism
1078 1371 1221 1424 uorem
1236 1361 1320 1422 Clui-

198 1453 325 1520 ctionem
339 1453 507 1514 Duhueam
520 1453 648 1512 nomiae.
689 1473 766 1533 quse
779 1461 889 1512 cuncte
899 1451 984 1511 iuvet
997 1469 1186 1526 memorare,
1212 1467 1317 1527 quoa-

197 1539 258 1598 iam
288 1538 325 1598 iis
357 1537 495 1616 quaeda
520 1537 644 1596 cenea
668 1537 865 1618 Pacliymeres
896 1534 990 1594 tradit
1010 1533 1108 1594 fidem
1141 1536 1315 1616 adstruunt.

199 1621 286 1682 anais
298 1621 370 1700 flag.
382 1626 445 1688 653
460 1631 491 1681 st
507 1621 571 1688 654
583 1633 720 1682 eeomset
734 1620 971 1702 Abulphsrsgius
984 1619 1140 1697 quaedem
1156 1629 1231 1679 eota
1243 1621 1317 1682 Hu-

198 1709 273 1766 tacu
292 1707 365 1766 estis
384 1703 567 1788 conspicua,
595 1707 650 1768 sed
670 1727 777 1789 peram
799 1705 839 1766 ed
860 1727 916 1767 uss
933 1704 1132 1786 persistentis.
1177 1705 1266 1764 unde
1278 1703 1315 1764 ad

196 1811 312 1853 annum
323 1791 396 1871 ueg.
409 1795 473 1859 666
488 1809 701 1872 promovemus
714 1792 856 1873 gradum:
885 1790 919 1852 in
936 1810 971 1850 eo
986 1790 1103 1871 quippe
1116 1789 1214 1850 nimie
1230 1789 1315 1850 etism

197 1879 294 1938 mults
312 1877 349 1936 sd
367 1898 422 1937 nos
436 1877 602 1958 spectantis
623 1878 867 1959 Abulphsrsgiae
880 1885 1037 1938 memoret.
1080 1875 1209 1955 incepit
1222 1877 1250 1936 is
1262 1895 1314 1932 sn-

199 1983 257 2024 um
275 1963 417 2024 Arabicus
436 1963 573 2029 edistii
597 1964 727 2024 ianuarii
745 1963 818 2023 anni
838 1961 908 2021 Chr.
929 1961 1025 2036 1257,
1040 1961 1130 2022 unde
1150 1970 1241 2022 totus
1254 1963 1314 2020 sese

198 2047 352 2109 cambac
376 2059 645 2110 commensuretur.
687 2069 723 2108 eo
748 2045 853 2108 scribit
867 2045 1117 2126 .dbuiphsrsgiue
1138 2067 1170 2126 p.
1195 2045 1261 2112 384
1284 2053 1313 2104 et

198 2134 340 2214 deinceps
358 2145 531 2214 aegrotares
549 2132 734 2194 tteodoram
749 2137 959 2212 imperatorem
980 2133 1173 2192 Graecorum
1192 2133 1229 2190 ies
1244 2130 1314 2190 uste

200 2221 318 2299 Niciap
338 2221 516 2300 interimque
537 2239 659 2280 recusae
673 2223 846 2298 patricium
865 2215 1020 2299 quendam
1038 2239 1054 2274 e
1073 2237 1134 2275 suc
1158 2219 1314 2280 namnetis

198 2303 387 2366 Michai'iem
403 2319 596 2385 cognomento
617 2303 860 2386 micrologum,
883 2299 969 2383 quod
988 2325 1003 2361 e
1019 2299 1217 2381 quibusdam
1230 2304 1311 2361 vati*

198 2391 292 2448 ciniis
305 2411 383 2467 quae
390 2391 572 2466 ferebantur
585 2402 776 2470 suspectaret
784 2401 1004 2469 regnaturum
1025 2389 1159 2446 iussisse
1170 2379 1270 2456 illuto
1279 2389 1310 2444 in

201 2476 350 2532 territorii
369 2475 644 2535 Thessalonicensis
659 2487 760 2536 caetra
774 2473 910 2556 quadam
924 2471 1155 2552 cumprehendi,
1172 2471 1310 2554 *ducique

200 2561 234 2618 in
247 2577 395 2618 carcerem
410 2559 582 2640 aquodam
604 2559 729 2620 Gadino
737 2605 747 2638 ,
773 2563 830 2642 qui
844 2572 944 2620 tamen
966 2562 994 2616 ei
1002 2555 1201 2638 praedicerit
1215 2561 1310 2638 impe-

201 2645 299 2718 rium,
338 2644 508 2723 exequendo
520 2687 523 2694 -
535 2646 739 2706 nihilomnius
770 2651 890 2706 meseum
916 2646 1114 2722 imperatorie
1148 2643 1309 2704 Tlseodors'.

200 2730 283 2788 euno
304 2727 396 2788 addit
415 2729 550 2790 adducti
568 2730 615 2790 ad
638 2754 670 2790 ee
687 2731 851 2793 Michaelis
872 2728 1086 2789 misericordia
1096 2741 1223 2788 motum
1243 2747 1308 2788 suas

200 2815 355 2889 liberasse,
377 2827 405 2876 et
418 2828 548 2877 tutorem
554 2839 667 2898 parvo,
689 2839 773 2898 quem
787 2815 985 2897 relinquebat,
1004 2815 1075 2892 filio
1093 2815 1309 2877 coto-toarni·

200 2911 310 2960 rosato
337 2903 532 2982 praefecisse.
581 2923 620 2962 ac
650 2903 749 2981 paulo
773 2914 847 2983 poet
873 2912 1029 2961 manuum
1059 2904 1092 2960 in
1123 2901 1308 2962 monasterio

200 2985 382 3062 Magnesiae
390 2988 496 3067 faisse
512 2990 675 3067 sepultum.
717 2988 804 3048 addit
816 2986 982 3050 ttozaoan
995 2985 1129 3061 caedem,
1151 2985 1309 3046 Michaelis

199 3069 371 3148 Palaeologi
389 3074 609 3152 promotionem
628 3075 665 3133 ad
686 3074 862 3154 imperium,
895 3070 1206 3150 circumscriptionem
1222 3069 1308 3150 pueri

200 3155 440 3235 Celo-loannis,
462 3159 638 3220 eiectionem
659 3159 776 3220 Arrenii
797 3156 986 3240 patriarchae
1008 3157 1041 3215 in
1068 3155 1199 3216 exilium
1225 3153 1309 3216 iussu

198 3237 371 3316 Michaelis,
393 3243 476 3320 qnod
494 3245 520 3304 is
536 3246 636 3326 ipsam
660 3245 697 3305 de
713 3243 823 3326 papilii
836 3243 1030 3322 oppressione
1045 3241 1308 3320 reprehendissem

198 3324 331 3404 denique
348 3328 520 3389 accumulat
537 3349 630 3410 super
645 3331 746 3390 omnia
757 3328 1015 3409 recuperationem
1034 3326 1116 3388 urbis
1133 3327 1308 3390 Constanti·

197 3411 392 3489 uopolitsase
413 3422 444 3473 st
462 3414 637 3476 eiectionem
657 3435 697 3474 ex
719 3435 753 3475 ee
773 3415 967 3489 Latinorum,
996 3412 1120 3471 modum
1147 3414 1193 3474 rei
1209 3421 1308 3492 gestae

197 3497 353 3574 reterens,
375 3497 406 3556 iu
420 3517 498 3578 quo,
523 3510 557 3559 ut
572 3509 601 3559 et
615 3500 754 3579 superius
768 3500 957 3573 memoratis,
987 3497 1136 3576 quadem
1155 3517 1219 3558 non
1236 3499 1307 3556 adeo

197 3581 299 3658 magni
319 3584 463 3642 momenti
484 3585 703 3664 discrepantiae
723 3607 741 3644 s
765 3584 1000 3664 i’aclsymerisns
1021 3581 1198 3648 narratione
1219 3583 1309 3643 facite

199 3685 270 3724 cum
294 3666 478 3746 deprehendi
507 3679 572 3728 tum
601 3671 713 3749 corrigi
738 3680 884 3752 poterunt
906 3689 944 3728 ex
970 3667 1134 3728 collatione
1154 3687 1226 3734 cum
1247 3669 1308 3734 l.t

197 3750 295 3830 pertis
306 3752 420 3832 prioris
432 3754 524 3815 huius
538 3765 660 3816 nocuae
667 3756 821 3823 historiae.
847 3774 943 3816 uuum
956 3753 1127 3816 necessario
1140 3752 1192 3818 hic
1209 3773 1310 3816 emea-

196 3833 321 3912 damae,
341 3839 424 3916 quod
445 3840 488 3900 eit
509 3841 639 3921 spatium
656 3841 822 3921 temporie,
851 3860 911 3919 quo
930 3839 1002 3904 urbs
1029 3839 1310 3919 Constantinopolis

195 3927 271 3980 tunc
293 3923 415 3984 Graecis
437 3925 557 3986 reddits
576 3926 740 4006 permansit
765 3925 798 3986 in
820 3933 968 4007 potestate
996 3923 1189 3999 Latinorum,
1216 3925 1311 3984 fuisse

197 4025 350 4064 annorum
373 4011 494 4068 caeder
514 4014 746 4092 quinquaginta
766 4015 871 4076 trissm.
914 4009 1016 4072 verius
1029 4009 1146 4090 quippo
1162 4011 1313 4090 Georgius

31 4121 43 4150 a
159 4163 160 4166 Ἴ
196 4089 392 4170 serapnim,
413 4114 502 4172 quem
524 4097 738 4177 descripsimus
757 4109 789 4160 et
801 4107 884 4160 recte
894 4115 1066 4156 numerasse
1080 4094 1311 4157 demcmtrsri-

195 4189 264 4234 mas
282 4175 420 4254 priorum
438 4180 690 4246 Observationum
713 4183 770 4249 1.ss
790 4182 853 4246 ct
876 4201 908 4242 n.
924 4187 954 4257 3,
979 4181 1134 4244 decania
1158 4204 1177 4243 s
1195 4183 1314 4244 Latinis

196 4257 493 4343 Constantinopolim
508 4285 565 4350 per
577 4285 674 4330 eccos
694 4275 765 4330 octo
784 4288 877 4351 supra
898 4265 1117 4348 quinqusgicts
1133 4267 1316 4348 affirmavit,

498 4469 523 4518 δ
