2782 4792
418 303 500 394 cu.
518 249 555 394 (a
599 301 886 378 woaosmiuua.
973 362 977 370 .
1129 309 1203 384 oca

86 472 168 536 ‘olim
188 471 290 534 latini
311 469 523 554 arripuerant,
543 471 712 556 scipionem
732 473 876 536 baculum
897 473 1040 538 dicantes.
1081 475 1158 559 quia
1176 483 1208 541 at

93 562 221 640 ipsum,
241 556 476 622 εοᾱέπινθέσει
494 563 591 641 τοῦ-μ
610 571 732 622 suctum
751 561 904 641 reperitur
923 563 1051 624 verbnm
1070 564 1208 646 σνίμνπο

93 644 248 726 Hesychio
265 643 384 724 saepius
397 653 618 708 memoraturus
640 667 710 706 nam
732 647 815 728 apud
838 645 1050 728 hunc-legitur
1069 651 1209 731 σνίμπτει

91 731 279 812 σαίμπιπαι,
300 730 480 810 χαλεπαίνοι,
502 729 662 809 doctricem,
683 730 850 810 ἐπιπίπτει,
871 742 901 792 et
915 734 1048 814 σπίμψαι
1068 733 1208 818 ίμπαγῆ-

91 839 155 894 ναι,
161 815 400 896 ίμπελααθῆναι,
409 815 540 896 danique
554 825 591 877 ut
603 815 661 875 alia
670 817 816 894 omittam,
831 825 976 904 σπιμφθῇ
986 819 1099 903 ίνγίσιι
1107 837 1206 903 ποοσ-

91 897 227 965 ιιιλάσιι.
268 901 344 962 beue
360 900 462 976 habet,
484 901 565 962 dicet
584 901 710 982 aliquis:
732 902 784 963 aed
805 900 839 966 ad
862 897 922 968 dard
940 909 985 989 spi
999 905 1207 985 -σιιίμππισθαι

92 988 304 1069 praepositam
320 985 569 1065 significationem
589 987 625 1047 in
645 989 831 1050 contrarium
848 990 950 1053 vertit.
992 989 1067 1051 huic
1085 1009 1140 1068 ego
1161 991 1207 1052 sic

91 1087 222 1134 occurro
242 1081 280 1132 nt
295 1073 375 1134 ultro
395 1071 541 1132 confitear
560 1073 741 1154 plerumque
755 1069 933 1156 ,σινρηιιπάν
951 1095 1013 1138 ease
1032 1072 1074 1139 sd
1089 1071 1151 1140 ἀπά
1169 1077 1204 1138 in

93 1158 312 1239 compositione
333 1158 495 1219 verborum
515 1167 569 1218 aut
586 1158 756 1220 nominum,
795 1161 840 1219 sic
862 1153 1016 1224 ἀπανθεῖν
1038 1170 1082 1220 est
1105 1159 1203 1242 desto-

78 1265 216 1322 rascsre,
236 1237 366 1320 ἀπάξιος
386 1241 552 1324 indignas,
572 1263 609 1302 ac
623 1244 734 1306 similia
749 1246 860 1325 passim
873 1245 963 1306 obvia
976 1255 1127 1308 sexcenta.
1170 1247 1204 1307 in

94 1329 203 1410 quibus
216 1329 313 1388 iuvat
331 1328 430 1388 obiter
442 1347 616 1390 memoraie
633 1349 740 1390 vocem
762 1325 961 1411 ἀπαμιιτόιιος
988 1331 1205 1410 elegantissime

92 1414 293 1495 compositam
309 1412 346 1473 ab
361 1423 485 1475 auctora
499 1414 696 1495 pulcherrimi
710 1416 930 1496 epigrammatis
944 1415 981 1476 ab
999 1417 1203 1478 eruditissimo

93 1499 223 1560 Octavio
241 1499 418 1560 Falconerio
440 1499 626 1580 descriptio
647 1499 711 1560 basi
730 1521 897 1562 marmorea
919 1521 1017 1581 nuper
1039 1501 1146 1562 effossa
1173 1510 1204 1564 ct

94 1601 163 1672 cnm
177 1585 258 1646 notis
271 1584 601 1647 eiusdemdoctissimie
613 1585 697 1646 editi.
738 1587 906 1647 sustinebat
918 1587 992 1646 olim
1007 1607 1042 1647 ca
1060 1587 1139 1648 basis
1156 1588 1204 1646 ai-

92 1691 187 1751 gnum
200 1669 389 1751 Aesculapii,
409 1680 639 1750 repraesentans
651 1671 739 1732 illum
758 1682 791 1734 at
804 1672 949 1734 mtmnm
965 1693 1070 1736 recens
1086 1682 1202 1736 natum.

92 1756 176 1819 unda
188 1757 322 1840 primum
335 1755 489 1818 distichon
503 1757 547 1816 sic
559 1755 667 1816 habete

300 1837 358 1907 τάν
377 1839 489 1916 midde
508 1841 669 1905 καλλίσταν
685 1839 755 1905 alsat
773 1836 863 1905 ιάνδε
883 1847 973 1906 θεοῖο

387 1931 526 2000 Παιᾶνος
541 1920 658 2006 scoriaco
675 1921 787 2006 ματρός
806 1920 1009 2008 ἀπαμτπόνον

91 2006 269 2094 ἀρτιτάιιον,
287 2011 348 2072 hoc
366 2021 413 2072 cst
431 2031 532 2072 recma
543 2013 685 2088 απίαοοι,
706 2011 879 2093 Aesculapii
897 2013 987 2072 modo
1001 2011 1067 2072 nati
1079 2010 1203 2090 genici-

91 2113 159 2158 oem
171 2117 244 2160 vere
256 2097 598 2180 appellarellicomedes
618 2097 837 2180 epigrammatis
857 2099 990 2178 scriptor
1008 2117 1071 2156 uon
1091 2095 1202 2177 potuit,

91 2182 237 2264 quoniam
257 2191 323 2244 eam
345 2182 457 2244 sciebat
477 2203 632 2264 nunquam
654 2185 821 2264 peperisse,
849 2183 955 2262 utique
979 2201 1041 2241 nou
1060 2180 1202 2259 ignorans

91 2268 329 2347 vulgarissimum
344 2278 375 2329 et
387 2269 627 2328 constantissime
640 2269 784 2328 creditam
798 2267 940 2342 fabulam,
955 2287 1021 2346 ,qua
1037 2283 1202 2346 quaecum-

91 2374 151 2434 que
164 2353 285 2414 tandcm
304 2355 396 2414 tuerit
411 2364 507 2414 mater
523 2353 696 2434 Aesculapii
714 2355 799 2432 (nam
816 2353 868 2412 alii
883 2353 1051 2427 Coronide,
1073 2351 1202 2418 Arsinoti

90 2439 144 2499 alii
155 2449 260 2499 natam
270 2447 441 2514 autument)
457 2437 541 2520 prius
554 2447 673 2500 mortua
688 2459 778 2519 quem
791 2449 912 2520 pareret
927 2439 1080 2514 asseritur,
1101 2457 1142 2498 ex
1158 2435 1204 2494 il·

90 2525 153 2585 lius
169 2535 242 2585 vero
255 2525 357 2585 statim
373 2535 494 2585 exsecto
507 2534 594 2584 utero
611 2524 718 2584 vivum
732 2545 860 2606 puerum
876 2523 1088 2603 Aesculapium
1101 2531 1203 2582 extra·

88 2619 186 2671 ctum
229 2612 363 2690 quercia
377 2610 486 2672 merito
503 2620 632 2672 vocatur
644 2613 757 2691 παῦρος
773 2607 886 2692 parade
900 2604 1203 2690 dmpsaso'soufiliue
1275 2617 1278 2622 '

89 2699 204 2756 matris
221 2717 284 2755 ποπ
296 2705 482 2776 puerperae,
506 2695 619 2777 qnippe
635 2716 712 2774 quac
724 2696 813 2758 illum
828 2695 985 2762 dumtaxat
1001 2695 1069 2758 alvo
1085 2711 1201 2753 conce-
1218 2695 1242 2754 Ρ
1257 2695 1310 2754 tos

90 2781 173 2864 perit
184 2790 215 2842 et
227 2781 421 2858 formaverit,
445 2781 534 2842 enixa
546 2781 578 2840 io
589 2781 688 2840 lucem
701 2800 867 2861 numquam
883 2781 990 2858 fuerit,
1011 2787 1108 2840 morte
1127 2797 1202 2859 par-

90 2875 158 2928 tam
179 2877 430 2948 praeoccupante.
473 2867 552 2928 inest
569 2885 640 2945 ergo
660 2866 726 2927 sine
747 2865 895 2928 dubio‘in
917 2864 1134 2945 compositione
1153 2863 1202 2932 via

90 2953 221 3031 negandi
232 2957 276 3038 τῷ
291 2947 365 3016 dard:
380 2952 435 3014 sed
448 2971 651 3034 non-semper.
678 2972 748 3012 nam
761 2951 801 3011 ad
812 2956 916 3018 ν.773
931 2950 1034 3010 Iliadis
1048 2952 1078 3031 β,
1092 2947 1143 3008 ubi
1154 2948 1203 3008 le-

90 3037 174 3117 gitur
191 3037 229 3098 da
243 3038 361 3098 Achille
372 3031 449 3101 κεῖτ’
463 3032 665 3118 ἀπομηνίσας,
689 3038 733 3098 sic
748 3045 872 3119 annotat
884 3033 1071 3096 Emtathiuse
1091 3033 1127 3100 έν
1143 3031 1200 3114 μέν

91 3129 157 3196 τοῖς
172 3121 243 3204 ίξῆς
258 3117 445 3203 ἀπομηνῖσαι
462 3118 518 3186 τάν
536 3116 669 3203 Ἀχιλλέα
686 3121 704 3187 o‘
718 3118 848 3204 arcencale
864 3119 934 3204 loci,
955 3118 1107 3185 τουτέστιν
1121 3112 1201 3183 ἀπο·

89 3206 209 3272 θέσθαι
228 3205 412 3290 ιη’νμῆνιν·
434 3207 570 3271 locedia
585 3205 619 3271 δέ
636 3204 729 3270 strada
746 3203 793 3272 ὅτι
811 3207 845 3271 έν
864 3200 991 3288 νήεσσιν
1008 3206 1103 3272 ἔπειτα
1120 3199 1201 3272 ἀπο-

91 3295 224 3374 μηνίσας
238 3289 445 3376 Ἀγαμέμνονι,
459 3290 518 3375 τήν
533 3289 682 3373 έπιμονήν
698 3295 788 3374 δηλοῖ
798 3296 853 3374 τῆς
867 3293 1003 3374 μηνίδος.
1033 3295 1129 3354 κεῖται
1142 3287 1203 3372 yslo

90 3373 191 3459 ήάπά
208 3373 357 3460 πρόθεσις
374 3370 452 3459 ἀργή
457 3423 467 3454 ,
488 3376 531 3453 ἀς
547 3377 599 3440 καί
616 3373 666 3442 ὅτε
680 3401 725 3452 τις
743 3377 822 3462 λέγει
837 3371 960 3459 ἀπομνη
1002 3374 1103 3440 νεάειν
1118 3372 1201 3458 polpe-

90 3485 153 3539 τος,
175 3463 207 3539 ἐξ
226 3455 265 3527 οὗ
281 3464 332 3527 καλ
346 3461 380 3527 τὸ
393 3459 664 3545 ἀπομνημόνευμα.
687 3460 766 3527 οίίτοι
785 3461 818 3527 δέ
833 3462 887 3527 παλ
902 3460 937 3527 sd
949 3465 1091 3526 απανιάν
1111 3454 1201 3522 ἀδιοί-

88 3571 192 3631 φοηον
201 3544 275 3632 πρὸς
290 3547 326 3614 sd
342 3543 447 3614 dassia.
465 3552 499 3608 in
513 3551 762 3629 consequentibus
774 3547 853 3608 dicet
862 3547 1112 3629 postvolu'llem
1126 3538 1202 3609 ἀπο·
1299 3617 1301 3620 ,

90 3640 234 3716 μηνῖσαι,
261 3634 320 3695 hoc
342 3645 386 3694 cat
405 3633 582 3714 deposuiase
601 3637 692 3696 ἰνππι.
734 3636 787 3696 laic
805 3656 874 3696 νει-ο
894 3633 998 3694 dicem
1018 3627 1102 3714 quod
1118 3633 1149 3688 is
1166 3632 1201 3690 ιἰι

91 3720 225 3782 novibus
243 3723 375 3780 iacuerit
394 3716 586 3801 ἀπομηνίσας
600 3721 636 3780 A
656 3724 845 3801 amemnoni,
862 3719 1118 3801 perseverantiam
1136 3717 1202 3772 iras

89 3807 258 3886 significat.
273 3808 465 3886 praepositio
484 3808 564 3866 mim
579 3801 640 3871 ἀπο
652 3807 705 3866 hic
720 3810 819 3867 otiosa
835 3809 924 3884 iacet,
938 3808 1020 3865 staua
1034 3813 1062 3862 ct
1075 3797 1201 3881 quando

90 3895 166 3972 quis
177 3889 255 3950 dicit
269 3883 534 3973 ἀπομνημονεύειν
547 3888 668 3974 χάριιος
684 3890 841 3953 recordari
855 3913 886 3950 se
899 3891 1037 3973 gratiosa
1060 3883 1141 3946 ιιπιίν
1156 3893 1201 3944 cat

91 3986 123 4034 st
143 3997 252 4036 nomeu
267 3971 537 4058 ἀπομνημόνευμα.
579 3976 714 4037 eiusdem
723 3982 906 4059 sormacao
923 3975 1059 4035 notionis
1076 3971 1201 4032 verbum

91 4055 233 4126 ἀπαντᾶν
253 4083 422 4137 occurrere,
443 4060 524 4122 Mem
543 4065 650 4124 νοίιπο
667 4085 706 4123 ac
727 4064 855 4142 simplex
872 4053 968 4125 ἀνιᾶν
984 4069 1044 4121 etc.
1087 4056 1203 4118 doctri·

92 4165 164 4207 nam
177 4146 270 4208 huius
282 4147 416 4228 magistri
429 4147 470 4208 ad
482 4167 546 4210 ram
561 4139 618 4254 epo
631 4169 725 4210 meam
742 4149 899 4209 conferens
915 4146 963 4208 aio
978 4145 1011 4206 in
1024 4143 1083 4204 hoc
1097 4149 1202 4242 nostro

93 4233 189 4294 verbo
202 4227 465 4322 ἀποσιιίμπιεσθαι
479 4230 515 4298 sd
528 4227 724 4311 decorticare,
747 4244 777 4294 et
794 4233 874 4293 idem
887 4232 986 4294 valore
1001 4237 1203 4310 compositum

95 4339 141 4398 ac
154 4319 300 4403 simplex,
319 4321 487 4404 ,σιιίμπτειν
504 4319 558 4386 παλ
575 4315 812 4400 ἀποσιίμπιειν,
841 4317 900 4378 nisi
921 4318 947 4379 ai
968 4329 1058 4398 quem
1078 4313 1202 4376 maioris
