2782 4792
192 291 272 362 678·
503 287 741 358 OBSERVAT.
766 287 1006 358 PAGHYMER.

85 467 176 535 Pero
222 489 224 495 ’
279 445 479 520 trenortio
499 473 531 536 p.
549 457 611 520 103
629 473 660 516 v.
675 459 726 521 18.
768 451 861 515 buius
879 451 966 514 verbi
986 450 1060 512 aetia
1080 451 1113 514 in
1133 451 1223 514 libria
1240 473 1319 533 quoa

196 541 323 608 viderim
337 539 399 604 rari
413 540 569 600 notionem
582 559 598 598 e
609 537 806 621 paraphraete
817 538 965 600 Vaticano
977 536 1103 620 sumpsi,
1116 547 1219 600 totam
1232 538 1319 602 buno

194 629 298 690 locum
312 626 356 687 aic
369 624 532 686 reddente:
554 623 662 690 ἑκατόν
682 617 874 704 πεντήκοντα
892 625 1055 706 wolvone
1073 619 1177 698 adroic
1197 620 1318 707 ἐδωρή-

195 733 278 784 σατο.
320 712 365 772 aio
378 711 431 770 illa
444 711 629 792 coniungens
644 730 719 790 qaae
732 720 839 771 auctor
854 709 1047 788 discreverat,
1069 719 1191 770 eentum
1209 731 1317 771 aureae

195 799 314 878 Yecca,
343 796 562 877 quinquaginta
586 795 787 856 Meliteniotae
810 795 1022 876 suppeditator
1045 815 1225 859 memorant.
1267 796 1317 856 eni

195 893 355 966 quaterue,
368 879 547 962 simpliciter
570 881 706 941 donandi
733 879 935 960 significatum
963 881 1110 942 vocabalo
1137 879 1316 946 tamarcem

195 968 326 1048 aubiieit,
347 966 494 1028 adhaereo
509 966 629 1028 defectu
641 965 773 1026 melioria
790 967 943 1042 auctoria3
965 965 1085 1026 interim
1101 975 1203 1028 temen
1215 966 1318 1046 anapi-

196 1075 269 1116 caae
284 1052 516 1129 assignationem
531 1072 648 1114 annuae
664 1052 810 1133 pecuniae
827 1051 901 1112 ictae
916 1072 1047 1124 eummga
1060 1051 1224 1130 aequantia,
1236 1053 1316 1111 duo-

196 1141 254 1214 bua
268 1137 408 1198 exulibus
423 1139 456 1196 in
475 1138 616 1198 alimenta
637 1147 668 1198 et
684 1157 759 1197 uana
772 1137 855 1210 vitae
876 1145 1008 1198 meteres
1028 1135 1232 1217 praebendae,
1254 1137 1316 1197 iato

195 1223 346 1288 vacabulo
363 1222 525 1286 indicatam
543 1243 561 1282 a
576 1222 776 1302 Pacbymere3
802 1231 839 1284 ut
853 1221 955 1282 dicere
972 1221 1123 1298 voluerit,
1144 1234 1216 1282 cum
1233 1231 1316 1282 eate-

196 1330 257 1372 nus
275 1307 354 1368 nihil
373 1307 579 1368 constituisset
596 1309 763 1389 imperator
778 1308 816 1370 de
828 1306 914 1368 rictu
930 1307 1057 1388 captivis
1076 1307 1195 1366 duobus
1211 1325 1316 1387 sugge-

196 1393 311 1470 rendo,
334 1401 410 1452 tuuc
433 1413 487 1473 per
502 1393 741 1462 Alexandrinum
763 1391 966 1473 patriarcham
988 1403 1019 1451 et
1035 1391 1220 1470 logothetam
1240 1392 1316 1474 iptio

198 1477 384 1558 assignatio
405 1477 480 1538 daco
495 1479 648 1546 curavisse
662 1498 778 1538 annuae
798 1479 973 1559 pensioneo,
997 1476 1094 1538 Vecco
1114 1477 1236 1558 quidem
1256 1498 1318 1540 au·-

197 1583 321 1632 raorum
334 1570 473 1642 centum,
495 1563 698 1628 Meliteniotae
709 1583 783 1623 vero
798 1563 1023 1644 quinquaginta.

211 1697 213 1702 .
285 1647 506 1724 ἐννατέζειν
533 1669 564 1734 ρ.
585 1649 649 1714 519
674 1669 702 1708 v.
723 1653 754 1714 7.
796 1647 895 1708 codex
916 1648 1051 1729 optimae
1072 1647 1256 1710 Barbetium
1284 1645 1318 1706 in

198 1739 349 1796 contextu
362 1731 455 1794 habet
467 1729 658 1808 έννιατέζεινε
681 1733 734 1796 aad
749 1733 915 1811 meliorem,
930 1743 966 1794 ut
979 1733 1100 1813 opinor,
1115 1733 1197 1794 idem
1210 1733 1318 1794 lectio-

198 1837 270 1884 nem
287 1818 320 1876 in
336 1818 471 1897 margine
485 1819 634 1898 suggerit,
654 1817 816 1896 ένατέζειν,
838 1839 895 1899 pro
914 1840 973 1900 quo
986 1819 1151 1878 Vaticanus
1165 1813 1319 1894 έννεᾶζειν

198 1899 334 1978 exhibet.
376 1924 433 1964 noe
449 1903 489 1964 ad
508 1904 702 1984 marginalem
729 1903 892 1974 lectionem
908 1903 1035 1986 probem
1051 1903 1131 1964 illud
1146 1923 1186 1972 ex
1202 1903 1318 1966 duabu·

199 1989 268 2052 aliia
291 1989 494 2066 contulimua,
516 1998 551 2050 ut
565 1985 599 2066 ad
611 2014 631 2054 ν
644 1989 873 2070 geminaremua.
917 2010 986 2052 cum
1007 1989 1086 2050 enim
1102 1987 1163 2050 hoo
1180 1989 1317 2065 verbum,

197 2081 321 2146 utmox
338 2075 546 2153 ostendemus,
568 2076 732 2154 formetur,
754 2075 792 2136 ab
812 2067 939 2160 lvvdrp,
961 2075 1042 2156 quod
1061 2075 1251 2155 frequentina
1264 2093 1316 2154 per

199 2159 316 2240 tluplex
335 2183 355 2226 ν
376 2160 539 2240 scribitur,
560 2161 672 2222 rectiua
691 2160 864 2242 putavimua
879 2158 1045 2236 έννατέζειν
1059 2180 1151 2240 quam
1173 2159 1317 2234 ένατέζειυ

198 2244 273 2307 dici.
318 2245 374 2304 etsi
395 2265 452 2316 noa
472 2266 536 2306 aon
557 2245 635 2324 fugit
654 2246 850 2326 aurigationem
865 2249 923 2312 rori
941 2243 1033 2325 ἐνάτη
1050 2265 1107 2326 pro
1123 2239 1237 2327 έννᾶτη
1255 2265 1317 2306 non

198 2329 292 2400 modo
307 2339 341 2392 ut
357 2332 483 2410 probam
501 2331 621 2392 defendi
636 2331 674 2391 ab
688 2329 845 2404 Euanthia
860 2330 899 2389 ad
910 2330 996 2396 lliad.
1011 2333 1032 2413 β
1045 2352 1077 2412 ρ.
1091 2335 1154 2396 223
1172 2329 1220 2396 ed.
1233 2331 1317 2390 Rom.

199 2415 254 2482 sed
270 2414 360 2476 etiam
377 2416 415 2474 atl
429 2415 514 2477 Iliad.
529 2422 555 2478 θ
567 2437 601 2497 p.
615 2421 681 2484 712
695 2415 899 2488 commendari
916 2425 1068 2496 tamquam
1082 2415 1199 2514 λορέοις
1211 2415 1317 2476 erudi-

202 2499 244 2582 tia
268 2509 459 2579 usurpatam,
488 2511 524 2564 ut
545 2501 618 2561 d'ent
640 2501 745 2566 locum
765 2501 938 2580 ingeniosae
960 2501 1130 2566 traiecticnr
1152 2501 1319 2572 literarum,

200 2603 262 2666 que
277 2581 385 2650 ένντον
403 2585 435 2644 in
459 2583 566 2650 νέατον
586 2595 737 2648 mateturr
758 2608 873 2646 nanum
892 2587 1003 2668 quippe
1017 2607 1074 2669 per
1093 2586 1202 2656 ἔνατον
1216 2587 1317 2666 aigna-

198 2677 277 2747 tum,
301 2689 371 2730 cam
385 2672 425 2730 eit
441 2669 583 2732 ultimum
598 2671 631 2734 iu
648 2672 783 2742 numer-ia
799 2672 997 2754 simplicibus,
1019 2669 1127 2736 νέατον
1142 2671 1223 2738 idem
1238 2691 1317 2752 quo-

198 2773 261 2834 que
274 2763 332 2814 eat:
354 2753 430 2816 baec
443 2756 523 2828 enim
536 2777 600 2832 vox
612 2767 701 2818 aonat
713 2760 927 2820 noviaaimnm.
974 2767 1005 2818 at
1016 2755 1091 2818 mibi
1103 2757 1226 2838 quidem
1236 2755 1316 2818 baud

197 2839 302 2922 placet
319 2839 395 2900 baec
411 2843 545 2921 argutia,
566 2861 643 2923 quae
661 2844 843 2912 vocabulum
859 2844 895 2912 ab
914 2843 1028 2923 origine
1045 2863 1097 2904 aua
1119 2842 1250 2906 divellit.
1291 2842 1316 2902 ai

198 2924 281 2984 enim
297 2923 405 2989 ένατον
420 2928 506 3006 quasi
522 2926 629 2994 νέατον
646 2929 839 3007 dictumest,
861 2931 920 2990 iam
937 2927 996 2988 bac
1008 2929 1163 2990 numerale
1172 2947 1316 3015 nomena

198 3029 255 3088 auo
270 3029 396 3072 numero
414 3010 504 3082 ἐννέα
521 3034 583 3082 non
599 3013 802 3094 derivabitur,
823 3015 905 3094 quod
921 3014 1084 3076 abaurdurn
1100 3013 1236 3078 videtur.
1267 3022 1316 3074 ut-

198 3102 236 3160 ut
255 3094 310 3172 ait,
332 3098 481 3177 seriptum
496 3121 513 3158 a
528 3098 711 3178 Pacbymere
726 3099 889 3174 έννντέζειν
904 3120 973 3160 cum
987 3125 1006 3163 ν
1023 3099 1155 3181 duplici,
1178 3120 1218 3160 ex
1240 3099 1315 3160 acri·

198 3187 291 3260 ptura
307 3191 470 3254 contextui
484 3191 514 3250 et
529 3183 668 3259 Vaticani
684 3183 797 3250 codicia
812 3205 875 3250 non
886 3193 1009 3262 temere,
1025 3194 1060 3246 ut
1072 3193 1158 3267 puto,
1170 3205 1315 3264 augurem

199 3264 400 3348 existimoque
415 3269 562 3346 unitatum
583 3270 616 3329 ia
635 3269 828 3342 monasteriis
843 3267 903 3330 hoc
923 3270 1048 3331 verbum
1064 3271 1103 3330 ad
1123 3269 1315 3330 indicandam

198 3349 396 3420 resectionem
417 3355 554 3436 corporia
576 3355 670 3428 semel
689 3355 722 3415 in
741 3356 790 3415 die
809 3355 985 3432 dumtaxat,
1005 3377 1062 3416 nec
1083 3356 1166 3436 priua
1184 3354 1261 3426 hora
1279 3353 1314 3414 ab

200 3444 273 3498 ortu
286 3437 366 3510 ,eolla
381 3459 478 3514 nona,
500 3449 693 3524 usurpatam,
715 3441 799 3520 quod
816 3441 920 3502 diebua
934 3442 1077 3522 religioso
1089 3441 1202 3508 ieiunia
1215 3461 1315 3500 ancra-

198 3521 241 3580 tia
254 3529 375 3590 tentum
389 3523 463 3596 olim
474 3523 574 3591 fiebat.
616 3547 699 3596 nunc
718 3547 791 3600 uero
804 3525 985 3588 dtltanaaiua
1000 3525 1173 3607 patriarcba
1184 3527 1227 3584 ita
1241 3545 1316 3604 quo·

198 3605 275 3688 ildit-
292 3606 360 3678 fieti
370 3607 492 3676 iubebat
509 3613 705 3692 μονοφνγένν
721 3605 759 3674 δι’
774 3610 860 3686 &aar
876 3607 1139 3693 έξακριβούμενος.
1172 3611 1316 3671 nimirum

200 3691 255 3770 qui
271 3691 311 3752 ad
322 3695 520 3768 neceesarium
532 3696 755 3772 observantiam
770 3699 935 3758 monasticis
945 3699 1075 3758 instituti
1090 3696 1242 3777 pertinere
1255 3695 1316 3756 ‹lu-

199 3785 284 3844 ceret
303 3786 370 3839 toto
390 3801 470 3854 anuo
487 3782 610 3842 nonnisi
622 3783 714 3846 aemel
736 3782 768 3842 iu
784 3783 834 3850 die
855 3785 1027 3860 comedere,
1050 3783 1142 3862 idque
1163 3803 1226 3842 nou
1248 3789 1317 3840 ante

198 3860 308 3923 boram
328 3866 483 3934 amcridie
497 3866 629 3946 tertiam,
650 3867 755 3928 aeolia
771 3877 841 3936 ortu
858 3889 967 3930 nonam
976 3913 984 3943 ,
1007 3869 1051 3929 sic
1066 3889 1123 3948 per
1136 3865 1317 3928 monasteria

198 3945 267 4026 sieri
281 3948 418 4029 quotidie
432 3949 565 4019 iubebat.
609 3951 652 4028 aig
666 3952 718 4016 eol
731 3953 895 4028 ἐννατέζειν
913 3948 961 4018 dat
974 3954 1033 4014 boe
1048 3965 1111 4031 eat,
1133 3953 1177 4012 ita
1193 3961 1230 4012 at
1246 3951 1317 4012 inde

199 4045 378 4114 aequaretur
398 4055 515 4118 aemper
532 4037 697 4100 monachae
715 4038 791 4118 bora
813 4039 972 4100 dumtaxat
990 4039 1071 4100 noina
1091 4039 1236 4100 ieiunium
1256 4038 1318 4098 aol-

199 4133 288 4196 Yere,
314 4119 404 4190 etiam
423 4123 508 4188 tertia
533 4124 650 4194 domini
675 4134 706 4185 et
726 4125 925 4186 Paschalibua.
968 4124 1102 4204 legitima
1122 4124 1266 4186 videlicet
1286 4123 1318 4182 iu

200 4206 354 4267 coenobiis
375 4205 437 4272 iam
459 4208 549 4286 olim,
571 4231 633 4289 quo
655 4210 704 4271 die
722 4209 928 4289 ieiunabatur,
948 4211 1119 4273 relectionis
1140 4208 1216 4272 bora
1237 4229 1321 4268 noua

199 4295 282 4363 erat,
304 4299 398 4369 prout
412 4289 619 4358 demonatrare
629 4315 751 4378 poaaem
765 4297 871 4360 multis
886 4297 1065 4359 testimoniis
1082 4305 1237 4377 veterum,
1259 4295 1321 4356 uiri
