2782 4792
408 290 556 364 Ulisi,
597 289 875 362 GLOSSARIUM.
1128 293 1202 366 681
1264 359 1273 376 ,

101 507 105 512 -
184 457 526 560 ἒσκαμματισμζνος
546 459 766 540 p.115v.1t.
807 457 1229 544 quidsithocloooiceop.-
1262 493 1269 510 =.

98 545 279 628 ματισμὲνος
289 547 394 606 minus
411 555 580 606 marum‘cst
590 545 726 623 ignotum
741 545 814 606 mibi
828 566 889 606 esse
902 567 1049 625 nusquam
1064 547 1134 606 alibi
1145 547 1206 608 telo

90 631 280 692 vvocabulum
299 641 408 706 neoto,
435 651 505 692 cum
526 651 565 692 ne
585 631 731 692 Vaticano
752 633 872 710 quidam
894 632 1106 713 parephrestae
1124 631 1206 694 vocis

99 715 190 778 huius
201 725 331 796 potestas
353 727 504 799 perspecta
515 717 621 793 luerit,
641 726 734 795 prout
747 727 869 800 apparet
891 721 930 777 ex
945 737 981 778 eo
999 718 1081 798 quod
1099 719 1208 798 ἐσκαμ-

99 801 279 885 pampinos
290 803 348 864 viri
360 823 468 864 nomen
479 802 615 882 intelligit
631 803 764 864 distincti
778 825 795 862 a
807 801 1040 884 Moschampare,
1054 803 1144 864 huius
1156 805 1208 864 vi-

100 888 209 948 delicet
227 889 259 948 in
278 889 517 970 chartophylacis
539 889 637 950 officio
656 890 841 950 successoris.
883 890 926 950 sio
944 891 1023 950 enim
1043 890 1082 950 ab
1101 907 1137 948 eo
1157 887 1209 949 hic
1242 921 1243 932 κ

100 973 185 1034 locsa's
196 974 349 1036 redditur:
372 973 493 1080 συμβᾶν
505 973 539 1038 di
556 999 586 1038 ss
599 972 652 1038 nel
666 973 735 1056 περὶ
750 971 802 1039 adv
816 965 1086 1057 ἐσκεμματισμὲνον
1104 971 1209 1056 znono-

100 1055 226 1138 sitm
237 1060 289 1124 nol
305 1065 531 1144 Μοσχαμπαρα.
567 1061 682 1142 ἔχοντες
703 1053 761 1124 ode
776 1052 863 1125 adeor
879 1061 931 1124 noi
947 1058 1003 1126 τόν
1019 1065 1209 1140 Recreantu-

93 1139 212 1224 'naalma
228 1143 386 1210 isandeone
400 1151 446 1231 'cpi
455 1142 632 1232 πατριάρχμ.
655 1147 698 1207 ita
710 1146 770 1223 ille,
783 1155 847 1208 hes
859 1163 982 1226 ponens,
991 1147 1049 1230 'ubi
1063 1145 1135 1204 satis
1147 1157 1209 1204 ma.

101 1229 208 1290 nifeste
226 1230 355 1292 duorum
369 1241 488 1294 tantam
506 1243 612 1294 auctor
623 1233 775 1305 meminit,
798 1229 1029 1313 Moschamparis
1042 1229 1208 1292 exchartoss·
1312 1233 1315 1244 '

100 1313 240 1397 phylacis
258 1325 289 1377 et
308 1317 636 1400 Quinqueacclesiensis
655 1319 810 1380 antistitis.
853 1339 922 1378 nem
938 1339 1009 1378 cum
1025 1317 1210 1378 nominasset

101 1400 380 1484 ἐσκαμματισμίνον
401 1399 629 1487 paezontem,
659 1425 733 1466 mox
760 1423 915 1484 exponens
943 1405 1010 1484 quis
1029 1402 1057 1463 is
1078 1411 1154 1462 esset
1177 1409 1209 1460 et

102 1505 193 1565 quam
213 1487 251 1546 ob
275 1509 391 1549 causam
410 1489 684 1572 ἔσκαμματισμένος
699 1489 866 1566 diceretur,
886 1487 1088 1570 parenthesim
1103 1487 1209 1572 inserit

103 1591 162 1650 qua
188 1571 277 1633 docet
296 1574 555 1657 Moschamperem
585 1576 688 1636 officio
712 1575 975 1655 chartophylacis,
1003 1575 1089 1654 prius
1117 1591 1208 1653 quam

101 1655 177 1734 haec
190 1655 299 1718 fierent
313 1661 423 1739 qulbus
439 1682 472 1722 ss
484 1661 643 1723 narrandis
657 1661 845 1741 accingebat,
868 1659 1039 1735 decessisse,
1061 1659 1123 1719 hoo
1139 1653 1208 1738 ipso

101 1741 241 1802 indicans
262 1745 540 1827 imperitandum
553 1741 767 1828 yooaooaiiexo
780 1744 833 1806 hic
845 1767 862 1804 a
875 1765 906 1806 se
922 1745 1055 1826 positum
1071 1765 1131 1848 pro
1149 1753 1208 1803 exi·

101 1826 338 1910 ohsrtophyleoe
351 1832 415 1892 sive
430 1831 663 1914 chartophylace
678 1839 884 1892 exauctorato.
927 1831 1000 1909 quid
1023 1849 1146 1910 σκαμμα
1167 1828 1207 1888 sit

101 1921 133 1973 et
157 1913 232 1991 quid
253 1911 291 1978 sd
313 1915 500 1999 ἐσκαμμένα,
521 1918 635 1978 nemini
652 1928 698 1978 est
711 1918 849 1996 ignotum
863 1931 927 1975 non
943 1917 1033 1996 plane
1049 1914 1208 1994 peregrino

100 1997 137 2058 in
149 1999 335 2061 Graecorum
349 2003 495 2064 librorum
507 2003 647 2064 lectione.
690 2003 764 2081 quid
778 2011 877 2062 antem
892 2000 944 2060 hic
959 2000 1146 2060 comminisci
1159 2019 1210 2058 ve-

101 2082 257 2147 risimilius
267 2105 427 2167 possumus
441 2107 531 2169 quam
545 2091 596 2149 vel
606 2088 731 2148 finxisse
744 2087 956 2166 Pachymerern
971 2086 1098 2146 verbum
1111 2103 1211 2163 σκαμ-

100 2169 236 2249 patrna
259 2191 298 2230 ex
314 2173 438 2234 nomine
458 2168 598 2254 σκάμμα,
620 2175 672 2235 vel
693 2174 727 2234 id
745 2172 871 2233 verbum
892 2180 943 2230 aot
957 2169 1039 2250 apud
1056 2171 1210 2228 rumorem

103 2253 192 2314 nobis
209 2256 395 2336 incognitum
417 2269 572 2340 repertum
593 2268 647 2319 sut
669 2253 728 2319 usu
747 2257 876 2337 vulgari¹
888 2255 1034 2317 sermonis
1051 2253 1212 2342 Byzantini

102 2347 180 2400 tunc
205 2340 313 2403 tritum
334 2363 407 2404 suae
425 2343 568 2406 historiae
592 2345 765 2409 inseruisse.
807 2339 973 2420 excogitari
988 2361 1081 2422 porro
1097 2339 1213 2418 duplex

101 2433 204 2506 potest
217 2427 351 2488 notionis
368 2429 438 2490 talis
454 2429 527 2492 huic
540 2431 701 2512 participio
724 2425 997 2510 ἔσκαμματισμὲνος
1010 2424 1151 2486 hocloco
1164 2427 1214 2482 in·

103 2509 185 2571 ditae
206 2514 293 2575 ratio.
345 2516 430 2596 prior
452 2517 523 2595 quie
545 2516 728 2576 tabularium
753 2513 1003 2588 ecclesiasticum,
1031 2511 1080 2572 cui
1102 2517 1212 2594 custo-

104 2595 214 2656 diendo
229 2601 421 2679 praepositus
437 2611 501 2662 erat
516 2600 755 2682 chartophylax,
777 2599 920 2660 credibile
933 2607 978 2657 est
991 2597 1024 2656 in
1037 2599 1106 2658 loco
1122 2593 1213 2676 septis

105 2681 295 2764 circumdato
307 2685 401 2745 fuisse
414 2697 577 2749 servatum.
621 2697 706 2768 septa
723 2695 822 2747 nutem
838 2682 1023 2763 ἐσκαμμένα,
1044 2692 1075 2743 et
1090 2676 1214 2762 ossippn

103 2766 199 2826 locus·
213 2767 293 2828 sosas
310 2778 344 2829 'et
367 2770 449 2832 vallo
469 2771 690 2834 circumclusus
710 2772 842 2848 dicitur3
872 2769 955 2829 ulida
976 2766 1213 2847 σκαμματισθείς

105 2861 159 2911 aut
173 2851 447 2936 loseppnssoplvoc
463 2857 599 2935 dicatur,
620 2861 671 2938 qui
686 2867 772 2938 septo
789 2853 983 2917 ecclesiastici
998 2852 1093 2912 archii
1108 2871 1214 2911 exces-

104 2936 180 2997 serit
197 2937 264 2998 inra
287 2941 394 3010 amisso
418 2943 487 3002 illic
512 2943 698 3024 praesidendi
722 2951 791 3023 post
812 2938 1057 3019 chartophylacis
1077 2936 1213 2996 ‘officium

105 3021 259 3084 amissum.
295 3035 342 3085 est
357 3036 512 3107 praeterea
535 3023 659 3111 σκέμμα
680 3028 774 3106 magis
790 3025 915 3106 proprie
929 3024 1017 3083 locus
1033 3022 1212 3082 certaminis.

104 3106 307 3188 Hieronymus
327 3109 367 3171 sd
386 3113 625 3175 Pammachium:
646 3114 890 3174 carcasonensis
906 3131 997 3191 snper
1015 3110 1129 3187 quibos
1146 3127 1213 3187 pas-v

104 3213 171 3273 gna
183 3205 243 3270 eat,
266 3192 303 3254 de
317 3210 483 3258 scommate
497 3211 525 3258 et
538 3202 603 3260 loco
620 3201 796 3258 certaminis
811 3192 981 3277 egrediens,
1000 3197 1033 3252 in
1042 3194 1214 3276 peregrinis

105 3289 136 3336 et
151 3278 241 3357 longe
256 3280 367 3342 olienis
381 3281 648 3364 disputationibus
664 3283 860 3343 immoraris?
888 3283 933 3341 sic
950 3288 1072 3341 sanctus
1086 3281 1213 3354 doctor5

105 3382 145 3424 ex
165 3383 227 3442 quo
249 3365 345 3444 liquet
364 3369 557 3431 usitatissimo
583 3369 755 3447 significatu
774 3363 896 3448 suippe
917 3367 977 3428 dici
997 3376 1116 3449 septum
1129 3364 1210 3422 intra
1227 3363 1250 3419 P
1265 3364 1318 3422 479
1388 3407 1389 3418 ,

106 3449 190 3528 qood
206 3459 323 3511 certant
338 3452 482 3531 athletae,
505 3455 585 3536 quod
602 3456 682 3515 Galli
702 3454 897 3533 chompwlos
918 3460 1039 3514 vocant.
1080 3449 1152 3508 hinc
1170 3447 1215 3506 al·

106 3545 172 3594 tera
190 3535 312 3596 ducitur
332 3558 422 3598 causa
443 3561 500 3601 cur
519 3563 537 3600 a
560 3541 744 3622 Pachymere
766 3538 978 3619 Moschampar
991 3533 1215 3616 chartophylax

106 3617 170 3679 ‹lici
196 3618 469 3706 iosoppoenopivoc
498 3627 645 3706 potuerit.
704 3627 897 3686 commiserat
916 3623 996 3684 enim
1014 3621 1041 3682 is
1058 3641 1122 3680 sese
1144 3637 1215 3679 cum

106 3702 206 3764 Vecco
224 3706 258 3764 in
277 3709 388 3768 celebri
411 3710 467 3771 illo
489 3713 640 3793 colloquio
663 3714 719 3777 l.1
745 3733 771 3772 c.
787 3710 828 3778 55
852 3718 995 3784 nemeto,
1018 3715 1123 3766 contra
1147 3723 1217 3764 eum

108 3789 281 3869 disputans,
302 3794 355 3853 sed
368 3795 483 3856 infelici
495 3816 647 3858 successu:
671 3818 740 3857 num
755 3815 829 3876 quae
842 3795 921 3855 dixit
934 3787 1010 3852 adeo
1023 3789 1123 3850 valide
1146 3798 1218 3850 suut

108 3875 246 3935 a·Vecco
272 3886 388 3956 retuso,
413 3891 450 3941 ut
471 3882 508 3942 ab
533 3883 599 3964 ipso
620 3881 807 3965 patriarcha,
837 3883 886 3940 cui
909 3889 982 3940 tuuc
1009 3875 1218 3954 Moschampar

108 3959 277 4038 militabat,
297 3965 457 4045 reprobata
478 3969 548 4029 sint.
592 3989 687 4048 quare
709 3967 792 4047 quod
818 3965 908 4024 victis
935 3963 1054 4022 athletis
1078 3971 1109 4020 et
1130 3967 1218 4040 septo

107 4044 205 4126 pulsis
226 4050 390 4110 convenire
412 4052 573 4114 ridebatur
593 4049 873 4136 donoppcssepa'voo
898 4051 961 4108 sive
983 4045 1218 4122 tesseracoste

110 4125 286 4212 σκέμματος
298 4135 500 4216 vocabulum,
523 4140 711 4219 adaptaverit
722 4137 774 4197 hic
788 4145 889 4195 noster
903 4132 1132 4214 Moscharnpari.
1201 4135 1204 4142 ‘

194 4209 355 4300 εὐφυής.
398 4224 460 4288 vol.
476 4224 532 4305 lp.
547 4229 590 4289 82
603 4245 634 4286 v.
648 4229 668 4290 3
690 4225 733 4283 sic
747 4220 962 4300 Pachymcres‚
984 4239 1105 4277 causam
1121 4213 1219 4275 morbi

93 4299 170 4380 ¹quo
186 4304 269 4382 greti
286 4313 317 4367 et
327 4297 418 4388 lingo
436 4309 585 4372 laboravit
597 4311 760 4392 imperator
775 4307 900 4367 loan'ncs
913 4305 1047 4366 Loscaris
1067 4304 1217 4374 indicans,
