2888 4884
175 412 250 486 not
490 407 668 481 cronon
694 411 959 480 rncnrrmms
1057 481 1068 508 ,

138 592 163 646 D
180 581 515 674 ὶφῆφθαιῬωμαύοις,
542 580 659 668 ἔλεγον,
687 583 738 648 sei
751 587 851 650 ταῦτα
865 584 904 650 τὰ
915 581 1043 669 μύγιστα
1059 575 1102 650 ῶν
1123 582 1200 671 ἀκοῇ
1217 611 1279 650 πα-

4 735 10 742 -
83 725 86 730 ·
177 687 381 776 ρειλήφαμεν,
409 685 480 753 οὔτε
498 682 638 770 μύντεως
662 684 732 753 otte
752 687 815 772 μὴν
838 685 1002 773 προφήτου
1022 689 1115 754 eineis
1127 687 1279 775 χρῄζοιεν.

175 795 212 859 τὸ
228 793 261 858 δὲ
276 795 327 858 καὶ
341 786 458 857 θεόθεν
479 788 692 876 ὀργιζομένου,
721 793 771 855 aui
793 788 831 866 ἃς
845 789 915 878 einp
930 815 977 868 τις
996 789 1035 856 ἂν
1051 793 1152 866 uiride
1161 841 1172 872 ,
1201 798 1279 857 πολ-

177 901 240 962 λῶν
255 921 287 981 γε
301 894 415 974 ούσῶν,
436 895 594 981 ἓξαύρυμεν
609 893 714 975 polesot
730 896 780 958 aui
793 889 950 981 ἁμαρτίας
962 894 1019 971 τὰς
1033 901 1089 960 τοῦ
1106 893 1186 960 καθ’
1206 895 1280 960 ἕνα·

177 1021 267 1078 υτον,
294 994 506 1084 Χριστιανούς
527 1019 561 1082 γε
587 994 680 1072 ὄντας
702 999 753 1061 καὶ
781 994 1007 1083 πρεσβεύοντας
1026 993 1173 1082 πρόνοιαν
1201 997 1306 1076 einim

177 1104 306 1180 ἐννοεῖν,
334 1103 385 1166 ani
402 1099 474 1186 εἴγ’
492 1102 541 1165 rut
560 1095 682 1175 τούτοις
706 1095 789 1182 vidui
808 1107 864 1165 rori
890 1107 1027 1188 λιπαρῶς
1048 1107 1126 1167 θεοῦ
1152 1100 1281 1168 δύεσθαι

178 1204 341 1288 συμβουλὴ
366 1200 408 1279 ῶς
423 1199 605 1285 εύμενύζοιτύ
622 1227 655 1267 τε
672 1205 722 1267 nai
745 1198 840 1292 ἒλερύη
852 1203 996 1284 ἵσταται,
1022 1203 1211 1286 θαυμαστὸν
1224 1203 1281 1270 ού-

40 1307 45 1318 ’
138 1311 163 1363 li
181 1309 242 1376 tto.
292 1305 473 1373 τούναντΙον
491 1307 549 1389 μὲν
570 1298 626 1371 σύν
645 1303 685 1372 ῶν
700 1305 890 1388 θαυμαστύν
910 1309 938 1372 εἰ
951 1305 1137 1391 εύθηνοῦαεν
1151 1308 1180 1384 ἐς
1196 1305 1280 1374 ἅπαν

177 1415 228 1479 ναὶ
243 1408 332 1477 αύύὲν
351 1408 455 1494 ’έχουσι
468 1401 605 1495 λυπηρὸν
620 1407 764 1494 προύλεγέ
777 1434 824 1484 τις
836 1409 877 1474 τὰ
891 1406 1011 1496 φοβερά
1019 1458 1030 1491 ,
1058 1409 1097 1476 ῶν
1115 1410 1189 1486 τύως
1202 1409 1280 1476 ἀπέ-

175 1523 293 1598 βαινον,
321 1510 398 1579 ὅπου
413 1539 446 1597 γε
459 1515 510 1577 uui
526 1511 631 1586 Ἰωνᾶς
644 1508 838 1578 ὑπωπτεύετο
853 1517 1026 1589 Νινευΐεαις
1037 1518 1178 1600 τρυφῶσι
1190 1512 1279 1597 μέχρι
1290 1531 1323 1584 10

177 1620 228 1684 sui
250 1617 363 1700 ἀκοῆς,
398 1614 473 1681 ἀλλ’
497 1613 534 1682 ού
555 1617 679 1702 πείρας,
715 1616 895 1682 σταθέντων
917 1623 980 1684 τῶν
995 1621 1150 1702 λυπηρῶν.
1205 1618 1231 1682 ei
1247 1618 1281 1692 dd

178 1724 228 1786 καὶ
243 1719 434 1807 προφητείας
447 1713 558 1809 ἆξιῷτύ
576 1742 623 1795 τις
638 1719 687 1784 ἐπὶ
699 1725 745 1808 τῷ
761 1719 864 1786 πλέονι
879 1725 942 1786 τῶν
956 1725 1069 1798 κακῶν,
1094 1719 1281 1802 θαυμαστὸς
1384 1787 1391 1802 ,

73 1839 95 1891 P
112 1838 165 1894 250
179 1827 236 1908 μὲν
255 1825 367 1898 ἐκεῖνος
386 1819 499 1898 δόξειεν
523 1821 581 1901 ῶν,
602 1825 789 1907 μακαριστοὶ
810 1824 845 1888 δὲ
857 1825 907 1888 sni
923 1818 1011 1908 ἡμεῖς
1026 1825 1223 1909 λογιζαύμεθα
1238 1818 1282 1898 ῶς

163 1927 234 1996 ούκ
263 1927 377 1992 ἐκείνου
402 1924 475 1991 ἀλλ’
508 1921 596 2009 ἡμῶν
628 1950 661 2009 γε
688 1921 781 2010 χάριν
806 1932 862 2008 τῆς
887 1923 1087 2012 προρρήσεως
1114 1928 1281 2012 γεγονυίας.

177 2026 373 2116 κρύπτεσθαι
385 2029 443 2112 μὲν
458 2020 514 2094 σύν
531 2030 644 2094 ἷκεΐνον
657 2031 706 2093 nai
725 2028 770 2111 μὴ
793 2026 1023 2116 φανερούμενον
1041 2030 1229 2114 ἓνφανεροῦν
1241 2029 1280 2094 τὰ
1291 2041 1323 2094 15

177 2141 251 2201 θεῖα
264 2128 423 2221 μυστήρια
430 2181 442 2214 ,
470 2131 548 2220 πρὸς
560 2137 605 2222 τῷ
619 2131 664 2217 μὴ
680 2131 804 2209 ἔνδοξον
821 2128 895 2198 εἶναι
907 2132 987 2200 κατὰ
998 2132 1053 2218 τὴν
1068 2130 1203 2219 γραφήν,
1231 2135 1282 2198 aui

244 2299 269 2352 8.
289 2288 362 2367 οὖν]
380 2291 439 2366 ἦν.)

176 2471 305 2524 Romanos
319 2465 474 2537 infortunia,
492 2474 521 2522 et
538 2485 570 2524 es
586 2467 688 2538 quidem
704 2469 813 2522 omnium
829 2483 898 2539 quae
913 2467 990 2522 iando
1008 2467 1150 2522 audirimus
1166 2467 1290 2528 maxima„

177 2557 225 2592 neo
250 2549 311 2598 vate
334 2555 383 2591 neo
406 2541 534 2608 propbeta
567 2555 632 2609 ορατ
657 2539 797 2606 babemus,
827 2537 985 2608 experientia
1008 2537 1112 2608 publiea
1141 2539 1167 2591 id
1189 2537 1282 2606 eoique

177 2607 278 2661 abunde
294 2614 459 2660 monstrante.
494 2608 520 2678 iu
537 2623 568 2659 eo
583 2608 663 2660 rodurn
676 2624 736 2660 usus
754 2611 823 2660 esset
835 2615 863 2660 et
880 2612 956 2660 mirus
973 2613 1000 2661 et
1001 2607 1138 2690 ‘optabilis
1152 2607 1282 2659 monitoris

177 2677 298 2729 divinitus
320 2675 422 2739 uitiati,
447 2675 468 2728 si
491 2675 549 2745 qrris
570 2675 753 2745 indignationis
776 2677 818 2731 dei
835 2677 1050 2730 manifestiorem
1067 2677 1155 2730 innuo
1173 2691 1283 2728 arcanas

177 2754 205 2798 et
220 2746 294 2798 nobis
311 2743 388 2797 noxie
404 2746 536 2826 ignoratas
559 2763 574 2797 e
598 2747 668 2798 coeio
686 2746 792 2802 edoctus
807 2746 935 2799 indicaret
951 2763 1050 2799 musas.
1084 2762 1174 2816 nempe
1191 2745 1217 2796 in
1234 2759 1283 2813 ge-

177 2829 240 2867 nere
262 2813 364 2882 quidem
386 2831 493 2878 sumus,
518 2823 645 2886 quotquot
667 2815 756 2870 imbuti
773 2815 925 2869 Christianis
949 2814 1086 2884 disciplinis
1109 2811 1282 2867 administrari

176 2882 296 2937 muudum
313 2900 397 2966 aeque
419 2891 447 2936 et
462 2881 571 2952 sapienti
594 2885 755 2956 providentia
770 2885 989 2955 persuasissimum
1007 2885 1142 2946 habemus,
1167 2883 1283 2953 peccatis

176 2952 276 3022 utique,
293 2953 379 3023 quoire
396 2952 509 3024 quotidie
525 2953 632 3020 piurima
656 2960 807 3024 patrentur,
831 2955 894 3007 irem
920 2953 962 3006 dei
987 2959 1077 3006 contra
1102 2951 1213 3004 homines
1239 2969 1283 3003 nr·

176 3021 257 3073 mari:
282 3023 408 3093 quodnam
424 3029 510 3078 tamen
527 3023 684 3092 potissimam
700 3031 814 3076 nostrum
837 3024 931 3076 crimen
949 3022 1014 3078 bueo
1030 3023 1079 3075 sub
1097 3022 1190 3092 quibus
1207 3019 1283 3072 bodie

177 3090 299 3158 gemino·
316 3092 419 3162 flugeiis
435 3093 603 3156 ulciscantur,
628 3099 658 3146 ut
678 3095 861 3164 incompertum
879 3091 1016 3153 bobiensi,
1034 3092 1071 3144 ita
1089 3099 1159 3146 estet
1175 3089 1283 3144 utilissi-
1307 3127 1312 3134 .

176 3177 244 3212 mum
261 3161 356 3220 doceri.
390 3163 429 3216 sie
446 3162 521 3226 enim,
539 3180 569 3215 eo
586 3162 751 3225 nonnosum,
769 3163 825 3214 iona
843 3165 964 3215 motorum
982 3170 1070 3232 posset
1085 3158 1192 3214 obstrui.
1221 3175 1283 3210 con-

176 3228 261 3285 sitium
278 3247 341 3283 sane
357 3231 405 3284 deo
422 3231 589 3300 supplicandi,
605 3239 635 3284 ut
652 3230 787 3302 propitiari
801 3247 830 3282 se
845 3231 913 3284 sinat
931 3237 958 3282 et
974 3229 1056 3284 nostri
1073 3231 1234 3292 miserentur,
1252 3226 1284 3280 iis

175 3305 323 3366 suggestum
341 3302 385 3370 qui
402 3301 530 3353 vindictae
547 3301 650 3354 divione
666 3301 749 3370 pingis
772 3317 838 3352 nunc
859 3299 967 3352 maxime
984 3298 1186 3368 flagrantissimis
1204 3313 1283 3350 urun-

176 3371 228 3431 tur,
245 3368 306 3420 nihii
323 3369 402 3422 hebet
417 3369 532 3423 mirabile
549 3385 581 3423 ae
593 3371 746 3440 prudentiae
763 3369 877 3437 vulgaris
894 3369 992 3426 modum
1009 3369 1144 3422 excedens.
1178 3367 1284 3434 agnosci
1365 3375 1370 3384 “

176 3435 279 3506 quidem
295 3439 363 3490 sorte
380 3445 471 3522 posset
493 3439 588 3509 euspici
608 3439 712 3510 dignnm
734 3437 829 3508 aliquid
853 3443 880 3490 et
904 3447 980 3508 captu
997 3438 1115 3506 superine
1132 3437 1241 3490 bumono
1259 3435 1285 3486 in

177 3522 208 3558 eo
229 3505 273 3576 qui
290 3507 388 3561 oonsilir
405 3510 466 3562 talis
482 3508 629 3579 inopinatus
645 3515 735 3562 ructor
752 3513 891 3576 exurgeret
907 3507 933 3560 in
951 3507 1033 3562 medio
1052 3506 1138 3576 populi
1156 3504 1239 3557 seticis
1257 3511 1285 3556 et

176 3576 276 3628 cummis
299 3585 407 3632 naturae
428 3595 461 3630 ao
484 3579 604 3630 fortunae
628 3579 715 3642 bonis,
738 3577 793 3630 sine
817 3575 868 3629 ulio
892 3578 970 3632 sortis
995 3577 1120 3630 adversae
1137 3573 1285 3637 formidine,

177 3644 366 3710 florentissimi3
384 3647 483 3716 qualem
500 3647 643 3716 necopinus
661 3649 747 3700 ionem
764 3648 923 3716 prophetam,
941 3665 956 3700 e
972 3645 1110 3715 longinquo
1127 3645 1161 3696 ad
1178 3643 1204 3694 id
1223 3659 1285 3712 pro-

176 3716 289 3779 iectum,
307 3715 368 3768 nihii
384 3719 465 3770 minus
482 3715 670 3786 suspicantibus
687 3729 715 3769 et
730 3717 809 3770 beata
826 3716 900 3788 copia
915 3733 1001 3770 rerum
1017 3713 1128 3768 omnium
1145 3727 1241 3767 summa
1259 3710 1285 3762 in

176 3800 241 3852 pane
257 3784 401 3840 fruentibus
416 3787 620 3838 denuntiatorem
635 3787 715 3839 eladis
730 3792 871 3852 extremae,
888 3801 956 3855 quae
972 3801 1047 3840 sures
1064 3784 1144 3836 solum
1161 3781 1218 3834 eine
1234 3779 1285 3832 uiio

176 3852 353 3923 experientiae
370 3871 446 3908 εεαωι
464 3855 618 3924 perculerit,
642 3873 700 3910 nese
716 3864 823 3928 repento
837 3853 969 3908 lobiecisse
986 3852 1119 3908 Ninivitis.
1156 3850 1286 3904 enimvero

177 3923 200 3974 si
217 3923 276 3992 quis
292 3922 365 3977 nobie
380 3941 442 3977 vero
460 3926 611 3994 prophetiae
627 3925 718 3995 spiritu
736 3943 765 3978 ae
785 3923 870 3980 afflari
886 3923 999 3978 evidenti
1015 3922 1188 3992 experimento
1207 3919 1286 3972 fidem

177 3991 283 4057 inderet,
308 4009 362 4046 rens
384 3993 474 4064 utique
498 3995 664 4048 manifestans
688 3995 796 4048 bumeno
820 3993 921 4063 ingenio
945 3991 1155 4047 insomtabilernz
1182 4005 1285 4043 eausam

176 4059 299 4114 ridebunt
322 4061 424 4116 divinae
445 4064 472 4116 in
494 4079 541 4118 noa
558 4064 627 4131 irae,
651 4079 719 4134 quae
738 4081 860 4132 summum
877 4065 999 4117 maiorum
1018 4078 1064 4115 nos
1088 4060 1232 4129 urgentium
1257 4075 1286 4109 re

176 4145 241 4184 uera
254 4129 348 4184 maium
364 4137 418 4197 est,
446 4132 513 4185 bano
535 4133 605 4186 iusta
628 4134 730 4205 quidem
755 4131 925 4187 admiratione
941 4145 1170 4203 prosequeremure
1193 4129 1241 4182 sod
1258 4135 1287 4178 et

174 4198 250 4252 simoi
266 4215 314 4254 uos
330 4201 421 4254 beatam
438 4209 632 4272 tutaremus,
649 4215 756 4272 quorum
773 4203 873 4256 seilicet
888 4203 916 4256 in
932 4202 1042 4272 gratiam
1059 4218 1091 4254 ao
1107 4201 1219 4252 iruotum
1236 4213 1286 4265 po-

174 4267 307 4334 munem,
324 4287 374 4324 noo
392 4275 477 4326 autem
494 4269 521 4323 in
538 4272 732 4342 propriamsui
748 4271 913 4338 iactantiam,
937 4270 1059 4325 eiusmodi
1085 4273 1156 4322 aret
1177 4283 1210 4320 en
1233 4265 1286 4318 alto

175 4335 301 4405 inspirate
319 4340 493 4408 praedictione
509 4343 668 4410 permortua.
705 4342 827 4396 absoondi
849 4358 911 4397 rero
927 4340 1012 4412 ipsum
1028 4345 1055 4394 et
1072 4357 1104 4392 ex
1121 4338 1222 4406 ououlto
1241 4352 1288 4388 ro-

176 4421 230 4459 cem
253 4407 373 4474 roittere,
396 4415 574 4481 praeterquam
598 4409 735 4478 indecens,
759 4411 835 4466 etiarn
857 4413 929 4468 iuxta
955 4407 1125 4465 todoonion
1141 4405 1289 4476 scriptume
