3188 4784
360 359 362 362 .
439 267 521 338 nra.
545 265 603 338 m
654 269 1026 342 maononocmus.
1219 271 1296 347 aas

194 427 256 524 tn!
284 428 411 524 ma,
429 425 555 526 fimf*
633 433 682 500 ux
706 435 849 502 aaran
869 438 1017 506 onnon
1039 439 1211 502 annac
1236 443 1298 504 ra

296 530 393 578 stacam.
590 539 672 600 pune
687 541 706 582 s
721 523 818 588 Persia
835 524 953 604 direpta
973 525 1167 588 concurritur
1186 528 1218 589 in
1239 549 1299 590 ur-

183 641 266 707 1305
284 581 411 678 smara-
429 581 552 704 mappam
590 606 658 668 bem
667 608 966 690 Constantinopolim,
980 611 1052 674 inda
1066 623 1222 692 gravatam
1236 637 1298 678 uu-

433 718 545 764 fflma
589 711 673 844 prato
691 696 837 758 immenso
860 700 1010 784 agentium
1034 697 1232 768 advenarum.
1275 702 1299 765 l.

471 781 513 844 12
628 799 655 840 c.
671 783 725 846 st.

653 864 761 926 Nicaea
775 865 948 934 Nicomedia
962 876 992 928 et
1008 868 1082 928 aliae
1098 889 1223 952 magnae
1239 891 1299 932 ur-

588 948 651 1029 bas,
673 951 852 1014 circumsitis
866 955 986 1016 arcibus
1003 964 1034 1016 et
1048 956 1228 1016 suburbanis
1240 977 1297 1038 pa·-

588 1037 630 1116 gis
656 1035 691 1098 in
721 1037 921 1110 barbarorum
950 1040 1132 1122 potestatam
1157 1043 1297 1123 redactis,

588 1121 723 1188 obsum
736 1123 792 1186 vix
805 1125 931 1192 durant.
972 1125 1047 1188 ibid.

630 1225 740 1286 tonan
752 1225 786 1288 iu
800 1227 956 1288 Gatoeu‘ae
969 1225 1108 1310 partibus
1120 1230 1221 1311 copias
1234 1229 1298 1290 tto.

588 1329 691 1372 manas
711 1310 768 1372 sub
784 1312 874 1374 Siuro
895 1313 1144 1396 stratcpedarchs
1158 1317 1297 1378 interne-

589 1397 674 1456 cione
687 1397 777 1458 delet.
806 1399 879 1460 inde
890 1420 990 1462 arcem
1004 1401 1162 1460 lisloecma
1175 1401 1298 1479 dictam,

587 1482 816 1546 munitissimam
829 1494 860 1545 et
871 1488 953 1548 omni
966 1493 1115 1568 apparatu
1125 1488 1297 1548 instructis·

587 1569 708 1646 simam,
731 1580 878 1651 occupat3
908 1591 969 1654 qus
992 1571 1106 1656 pracda
1133 1573 1296 1634 ditissimus

588 1654 702 1715 avadit.
743 1655 818 1718 ibid.

630 1755 737 1816 Persae
756 1779 772 1816 a
787 1755 904 1818 Mat-ule
924 1757 1001 1820 duce
1013 1759 1152 1822 Romano
1172 1759 1212 1822 ad
1226 1767 1296 1822 tur-

587 1841 647 1902 rim
657 1841 797 1903 Gulielmi
809 1844 921 1904 dictam
934 1845 1119 1907 caeduntur:
1140 1847 1193 1906 sed
1207 1857 1298 1927 parta

573 1945 630 1987 *ex
644 1925 692 1986 lris
706 1929 801 2008 spolia
820 1931 955 1993 Catelmd
974 1931 1142 1994 victoribus
1155 1932 1298 1994 Romanis

589 2012 733 2092 eripiunt.
774 2015 848 2076 ibid.

630 2095 793 2158 Horrenda
814 2101 953 2179 exempla
977 2099 1166 2162 crudslitstia
1195 2100 1299 2162 avari-

587 2183 648 2242 tiae
683 2183 817 2245 libidinis
854 2206 871 2245 s
896 2186 1048 2246 Catelanis
1077 2186 1161 2247 edita
1188 2186 1299 2268 cyzici.

587 2268 663 2332 ibid.
828 2277 830 2280 ’

632 2353 737 2434 Vigilia
756 2355 962 2432 Pentecostes‚
990 2355 1084 2416 Nonis
1109 2355 1172 2418 sivo
1191 2356 1299 2436 quinto

591 2439 638 2500 die
652 2439 730 2500 lunii
742 2451 864 2502 creatur
872 2440 987 2502 Perusii
1003 2442 1139 2526 pontifex
1151 2443 1299 2504 Bertran-
1316 2436 1338 2493 Ρ
1354 2437 1407 2496 623

590 2525 648 2586 dus
664 2525 703 2584 ds
719 2526 825 2606 Agutis
840 2528 1081 2608 archiepiscopus
1095 2529 1301 2609 Burdegaten-

590 2612 639 2690 ais,
661 2612 714 2691 qui
727 2611 855 2694 sumpsit
867 2632 979 2674 noman
997 2613 1158 2674 Clementis
1169 2615 1208 2681 V.

633 2715 814 2776 Rontaerius
830 2716 925 2777 aciem
941 2737 972 2778 se
992 2727 1022 2777 et
1037 2735 1108 2778 suos
1120 2719 1205 2796 gravi
1219 2719 1300 2778 inle-

590 2802 650 2860 mia
670 2802 703 2861 in
723 2803 793 2862 auls
812 2801 966 2878 laborare,
989 2802 1072 2882 quod
1087 2803 1188 2882 Cyzici
1203 2805 1299 2864 otiose

590 2894 621 2947 st
635 2885 779 2966 flagitiose
794 2886 982 2968 desiderent,
1004 2887 1125 2948 intmim
1147 2888 1220 2950 dum
1236 2888 1298 2949 ho-

590 2982 650 3032 stes
670 2973 793 3053 impune
814 2993 869 3054 per
894 2973 1010 3051 imperii
1037 2974 1208 3052 provincias
1234 2977 1298 3036 eius

589 3065 707 3118 tractus
716 3057 880 3119 volitantes
896 3061 986 3128 stiam
995 3057 1234 3141 Philadelpbiam
1247 3082 1299 3121 ca-

454 3137 455 3142 *
590 3145 660 3204 stris
673 3145 786 3204 circum
795 3143 898 3224 positis
909 3153 1080 3208 commeatu
1088 3146 1240 3208 exclusam
1250 3149 1299 3208 ia-

590 3247 638 3288 me
654 3227 694 3288 ad
708 3229 890 3291 deditionem
906 3231 1084 3311 compellere
1105 3242 1299 3310 conarentur,

590 3314 883 3398 Constantinopolim
906 3315 963 3378 sub
987 3317 1077 3388 finem
1107 3317 1199 3379 huius
1227 3320 1300 3378 anni

588 3399 807 3481 proficiscitur,
827 3411 857 3461 et
873 3402 915 3462 ibi
929 3402 1064 3482 Augusto
1084 3403 1193 3484 allegat
1210 3422 1301 3464 recu-

590 3505 668 3544 sasse
687 3486 795 3547 milites
819 3487 851 3552 in
880 3487 1000 3552 hostem
1028 3487 1154 3555 tendere
1177 3500 1302 3570 propter

589 3572 737 3654 stipendia
752 3593 814 3634 non
832 3573 942 3641 soluts.
986 3573 1046 3634 lrcc
1062 3573 1239 3654 intelligitur
1260 3595 1300 3637 cx

591 3676 618 3717 c·
629 3663 668 3726 21
684 3657 705 3720 Ι.
720 3659 751 3727 5.

179 3792 1296 3820 mss-m-*Wffl

182 3872 264 3938 1806
348 3879 380 3938 2-
415 3915 416 3924 ,
443 3858 543 3910 mm·
636 3863 817 3932 chtuerius
845 3863 936 3926 buius
961 3863 1031 3922 unni
1053 3862 1154 3943 primo
1177 3864 1228 3926 vel
1251 3883 1300 3923 se-

435 3919 540 4042 Mffiffl
591 3949 694 4018 cundo
708 3969 819 4026 mersae,
840 3947 926 4010 facile
940 3947 1074 4028 purgatis
1089 3947 1171 4030 apud
1187 3949 1300 4010 credu-

474 4057 514 4118 13
542 4027 549 4042 ⁸
591 4035 655 4098 lum
669 4045 701 4096 st
718 4037 775 4098 sibi
788 4034 944 4096 addictum
962 4035 1175 4114 imperatorem
1195 4035 1299 4096 crimi-

592 4121 764 4188 nationibus
778 4122 823 4182 sui
838 4141 873 4179 sc
886 4140 1030 4198 auorum,
1051 4120 1195 4202 grandem
1209 4123 1298 4182 mam

592 4208 631 4270 ab
644 4225 680 4268 so
696 4206 871 4289 impetravit
886 4207 1044 4287 pecuniam
1058 4207 1159 4285 (cuius
1178 4217 1297 4287 partem

592 4313 731 4380 praesens
745 4293 862 4376 accepit
867 4337 877 4382 t
896 4291 1021 4356 alterius
1034 4311 1108 4356 varo
1126 4302 1208 4356 certa
1221 4315 1297 4377 prc-
