<?xml version="1.0" encoding="UTF-8"?>
<!DOCTYPE html PUBLIC "-//W3C//DTD XHTML 1.0 Transitional//EN"
    "http://www.w3.org/TR/xhtml1/DTD/xhtml1-transitional.dtd">
<html xmlns="http://www.w3.org/1999/xhtml" xml:lang="en" lang="en">
 <head>
  <title>
</title>
<meta http-equiv="Content-Type" content="text/html;charset=utf-8" />
  <meta name='ocr-system' content='tesseract 3.04.00' />
  <meta name='ocr-capabilities' content='ocr_page ocr_carea ocr_par ocr_line ocrx_word'/>
</head>
<body>
  <div class='ocr_page' id='page_1' title='image "./georgiipachymer00pousgoog_0166.png"; bbox 0 0 2776 4786; ppageno 0'>
   <div class='ocr_carea' id='block_1_1' title="bbox 159 229 1281 366">
    <p class='ocr_par' dir='ltr' id='par_1_1' title="bbox 159 229 1281 366">
     <span class='ocr_line' id='line_1_1' title="bbox 159 229 1281 366; baseline -0.005 -20"><span class='ocrx_word' id='word_1_1' title='bbox 159 356 163 362; x_wconf 10' lang='grc' dir='ltr'><strong>ἡ</strong></span> <span class='ocrx_word' id='word_1_2' title='bbox 221 255 307 344; x_wconf 53' lang='lat' dir='ltr'>“un</span> <span class='ocrx_word' id='word_1_3' title='bbox 327 273 578 342; x_wconf 83' lang='lat' dir='ltr'>auuaourco</span> <span class='ocrx_word' id='word_1_4' title='bbox 602 229 885 342; x_wconf 78' lang='lat' dir='ltr'>ramnouo&#39;oo</span> <span class='ocrx_word' id='word_1_5' title='bbox 910 273 945 342; x_wconf 81' lang='lat' dir='ltr'>u.</span> <span class='ocrx_word' id='word_1_6' title='bbox 971 271 1014 344; x_wconf 88' lang='lat' dir='ltr'>u.</span> <span class='ocrx_word' id='word_1_7' title='bbox 1114 271 1186 342; x_wconf 80' lang='lat' dir='ltr'>aas</span> <span class='ocrx_word' id='word_1_8' title='bbox 1277 357 1281 366; x_wconf 19' lang='lat'>⁸</span> 
     </span>
    </p>
   </div>
   <div class='ocr_carea' id='block_1_2' title="bbox 49 438 1299 2488">
    <p class='ocr_par' dir='ltr' id='par_1_2' title="bbox 86 438 1229 842">
     <span class='ocr_line' id='line_1_2' title="bbox 193 438 1229 531; baseline -0.012 -17"><span class='ocrx_word' id='word_1_9' title='bbox 193 444 250 514; x_wconf 87' lang='lat'>18.</span> <span class='ocrx_word' id='word_1_10' title='bbox 300 442 460 520; x_wconf 68' lang='lat' dir='ltr'>deivirili</span> <span class='ocrx_word' id='word_1_11' title='bbox 481 438 613 531; x_wconf 79' lang='grc' dir='ltr'><em>φθάσας</em></span> <span class='ocrx_word' id='word_1_12' title='bbox 628 440 679 510; x_wconf 78' lang='grc' dir='ltr'>ἔπ’</span> <span class='ocrx_word' id='word_1_13' title='bbox 703 441 874 527; x_wconf 74' lang='grc' dir='ltr'><strong><em>ἀνατολῆς,</em></strong></span> <span class='ocrx_word' id='word_1_14' title='bbox 903 442 958 510; x_wconf 88' lang='grc' dir='ltr'>τδν</span> <span class='ocrx_word' id='word_1_15' title='bbox 974 441 1229 530; x_wconf 81' lang='grc' dir='ltr'><strong><em>πορφυρογίν-0</em></strong></span> 
     </span>
     <span class='ocr_line' id='line_1_3' title="bbox 86 542 1190 632; baseline 0 -20"><span class='ocrx_word' id='word_1_16' title='bbox 86 572 180 632; x_wconf 69' lang='lat' dir='ltr'>equor</span> <span class='ocrx_word' id='word_1_17' title='bbox 194 545 380 624; x_wconf 71' lang='grc' dir='ltr'><strong><em>ἀποστείλας</em></strong></span> <span class='ocrx_word' id='word_1_18' title='bbox 398 546 506 630; x_wconf 67' lang='grc' dir='ltr'><strong><em>ἔχοντα</em></strong></span> <span class='ocrx_word' id='word_1_19' title='bbox 526 549 576 612; x_wconf 82' lang='grc' dir='ltr'>καί</span> <span class='ocrx_word' id='word_1_20' title='bbox 593 545 650 630; x_wconf 71' lang='grc' dir='ltr'>τὴν</span> <span class='ocrx_word' id='word_1_21' title='bbox 665 553 868 614; x_wconf 78' lang='grc' dir='ltr'><strong><em>συνοικοῦσαν</em></strong></span> <span class='ocrx_word' id='word_1_22' title='bbox 882 548 915 613; x_wconf 71' lang='grc' dir='ltr'><strong><em>ἐν</em></strong></span> <span class='ocrx_word' id='word_1_23' title='bbox 929 553 992 614; x_wconf 80' lang='grc' dir='ltr'>τῶν</span> <span class='ocrx_word' id='word_1_24' title='bbox 1006 552 1063 613; x_wconf 76' lang='grc' dir='ltr'>τοῦ</span> <span class='ocrx_word' id='word_1_25' title='bbox 1077 542 1190 616; x_wconf 76' lang='lat' dir='ltr'>‘Portu</span> 
     </span>
     <span class='ocr_line' id='line_1_4' title="bbox 89 647 1191 735; baseline -0.002 -19"><span class='ocrx_word' id='word_1_26' title='bbox 89 650 168 716; x_wconf 76' lang='grc' dir='ltr'><strong><em>κατὰ</em></strong></span> <span class='ocrx_word' id='word_1_27' title='bbox 181 650 283 735; x_wconf 85' lang='grc' dir='ltr'><strong><em>γίνος,</em></strong></span> <span class='ocrx_word' id='word_1_28' title='bbox 310 650 497 734; x_wconf 71' lang='grc' dir='ltr'><strong><em>ἐξεληλακώς</em></strong></span> <span class='ocrx_word' id='word_1_29' title='bbox 523 649 575 716; x_wconf 73' lang='grc' dir='ltr'>ἔπ’</span> <span class='ocrx_word' id='word_1_30' title='bbox 593 649 748 735; x_wconf 74' lang='grc' dir='ltr'>ἀνατολῆς</span> <span class='ocrx_word' id='word_1_31' title='bbox 772 647 873 735; x_wconf 74' lang='grc' dir='ltr'><strong><em>ὥρμα.</em></strong></span> <span class='ocrx_word' id='word_1_32' title='bbox 925 653 976 716; x_wconf 81' lang='grc' dir='ltr'><strong><em>ναί</em></strong></span> <span class='ocrx_word' id='word_1_33' title='bbox 1000 647 1134 716; x_wconf 76' lang='grc' dir='ltr'><strong><em>διελθὼν</em></strong></span> <span class='ocrx_word' id='word_1_34' title='bbox 1149 647 1191 714; x_wconf 75' lang='lat' dir='ltr'>sel</span> 
     </span>
     <span class='ocr_line' id='line_1_5' title="bbox 89 751 1191 842; baseline -0.002 -24"><span class='ocrx_word' id='word_1_35' title='bbox 89 759 145 837; x_wconf 74' lang='grc' dir='ltr'><strong><em>τῆς</em></strong></span> <span class='ocrx_word' id='word_1_36' title='bbox 160 755 312 830; x_wconf 75' lang='grc' dir='ltr'><strong><em>Βιθυνίας</em></strong></span> <span class='ocrx_word' id='word_1_37' title='bbox 327 753 417 839; x_wconf 80' lang='grc' dir='ltr'><strong><em>μίρη,</em></strong></span> <span class='ocrx_word' id='word_1_38' title='bbox 442 755 492 818; x_wconf 78' lang='grc' dir='ltr'>καί</span> <span class='ocrx_word' id='word_1_39' title='bbox 509 751 568 818; x_wconf 79' lang='grc' dir='ltr'>ὅσα</span> <span class='ocrx_word' id='word_1_40' title='bbox 581 753 641 841; x_wconf 89' lang='grc' dir='ltr'>πρδ</span> <span class='ocrx_word' id='word_1_41' title='bbox 656 759 769 836; x_wconf 78' lang='grc' dir='ltr'><strong><em>μικροῦ</em></strong></span> <span class='ocrx_word' id='word_1_42' title='bbox 784 751 898 838; x_wconf 57' lang='lat' dir='ltr'>upplun</span> <span class='ocrx_word' id='word_1_43' title='bbox 914 753 965 818; x_wconf 78' lang='grc' dir='ltr'>ίπί</span> <span class='ocrx_word' id='word_1_44' title='bbox 976 777 1009 818; x_wconf 85' lang='grc' dir='ltr'>τε</span> <span class='ocrx_word' id='word_1_45' title='bbox 1023 757 1068 842; x_wconf 80' lang='grc' dir='ltr'><strong><em>τῷ</em></strong></span> <span class='ocrx_word' id='word_1_46' title='bbox 1083 751 1191 841; x_wconf 83' lang='grc' dir='ltr'><strong><em>Βίκνῳ</em></strong></span> 
     </span>
    </p>

    <p class='ocr_par' dir='ltr' id='par_1_3' title="bbox 49 855 1299 2488">
     <span class='ocr_line' id='line_1_6' title="bbox 64 855 1191 945; baseline -0.005 -19"><span class='ocrx_word' id='word_1_47' title='bbox 64 859 142 926; x_wconf 66' lang='lat' dir='ltr'>tani</span> <span class='ocrx_word' id='word_1_48' title='bbox 161 867 228 931; x_wconf 80' lang='grc' dir='ltr'><strong><em>τοῖς</em></strong></span> <span class='ocrx_word' id='word_1_49' title='bbox 250 863 371 932; x_wconf 77' lang='grc' dir='ltr'><strong><em>λοιποῖς</em></strong></span> <span class='ocrx_word' id='word_1_50' title='bbox 394 855 605 941; x_wconf 70' lang='grc' dir='ltr'><strong><em>εἰργασμένος,</em></strong></span> <span class='ocrx_word' id='word_1_51' title='bbox 631 863 677 945; x_wconf 81' lang='grc' dir='ltr'><strong><em>τῷ</em></strong></span> <span class='ocrx_word' id='word_1_52' title='bbox 699 858 860 945; x_wconf 78' lang='grc' dir='ltr'><strong><em>Νυμφαίῳ</em></strong></span> <span class='ocrx_word' id='word_1_53' title='bbox 878 857 1060 941; x_wconf 75' lang='grc' dir='ltr'><strong><em>ἐφίσταται,</em></strong></span> <span class='ocrx_word' id='word_1_54' title='bbox 1087 855 1191 942; x_wconf 84' lang='grc' dir='ltr'><strong><em>φίρευν</em></strong></span> 
     </span>
     <span class='ocr_line' id='line_1_7' title="bbox 89 954 1192 1048; baseline -0.003 -23"><span class='ocrx_word' id='word_1_55' title='bbox 89 963 139 1025; x_wconf 82' lang='lat' dir='ltr'>arel</span> <span class='ocrx_word' id='word_1_56' title='bbox 153 958 207 1025; x_wconf 88' lang='grc' dir='ltr'>τδν</span> <span class='ocrx_word' id='word_1_57' title='bbox 224 956 426 1040; x_wconf 81' lang='grc' dir='ltr'><strong><em>Μουζοίλωνα</em></strong></span> <span class='ocrx_word' id='word_1_58' title='bbox 449 957 527 1040; x_wconf 76' lang='grc' dir='ltr'><strong><em>πρὸς</em></strong></span> <span class='ocrx_word' id='word_1_59' title='bbox 547 963 593 1048; x_wconf 81' lang='grc' dir='ltr'><strong><em>τῷ</em></strong></span> <span class='ocrx_word' id='word_1_60' title='bbox 605 966 662 1026; x_wconf 79' lang='grc' dir='ltr'>τοῦ</span> <span class='ocrx_word' id='word_1_61' title='bbox 673 956 807 1044; x_wconf 79' lang='grc' dir='ltr'><strong><em>μεγάλου</em></strong></span> <span class='ocrx_word' id='word_1_62' title='bbox 823 960 993 1043; x_wconf 84' lang='grc' dir='ltr'><strong><em>λογοθίτου</em></strong></span> <span class='ocrx_word' id='word_1_63' title='bbox 1015 954 1192 1041; x_wconf 79' lang='grc' dir='ltr'><strong><em>σεμνώματι</em></strong></span> 
     </span>
     <span class='ocr_line' id='line_1_8' title="bbox 89 1053 1193 1149; baseline -0.004 -21"><span class='ocrx_word' id='word_1_64' title='bbox 89 1065 139 1128; x_wconf 78' lang='grc' dir='ltr'><strong><em>ναὶ</em></strong></span> <span class='ocrx_word' id='word_1_65' title='bbox 153 1059 433 1149; x_wconf 80' lang='grc' dir='ltr'><strong><em>πρωτοβεστιοίριον</em></strong></span> <span class='ocrx_word' id='word_1_66' title='bbox 450 1059 648 1144; x_wconf 83' lang='grc' dir='ltr'><strong><em>νλεῒζόμενον.</em></strong></span> <span class='ocrx_word' id='word_1_67' title='bbox 699 1053 736 1128; x_wconf 77' lang='lat' dir='ltr'>oei</span> <span class='ocrx_word' id='word_1_68' title='bbox 751 1061 789 1146; x_wconf 79' lang='grc' dir='ltr'>δὴ</span> <span class='ocrx_word' id='word_1_69' title='bbox 806 1065 855 1128; x_wconf 81' lang='grc' dir='ltr'>καί</span> <span class='ocrx_word' id='word_1_70' title='bbox 874 1058 1048 1146; x_wconf 76' lang='grc' dir='ltr'><strong><em>σνηνήσος,</em></strong></span> <span class='ocrx_word' id='word_1_71' title='bbox 1076 1062 1193 1126; x_wconf 68' lang='grc' dir='ltr'><strong><em>ἐκεῖθεν</em></strong></span> 
     </span>
     <span class='ocr_line' id='line_1_9' title="bbox 88 1162 1299 1250; baseline -0.001 -19"><span class='ocrx_word' id='word_1_72' title='bbox 88 1165 129 1231; x_wconf 77' lang='grc' dir='ltr'><strong><em>τὰ</em></strong></span> <span class='ocrx_word' id='word_1_73' title='bbox 150 1164 223 1236; x_wconf 74' lang='grc' dir='ltr'><strong><em>κατ’</em></strong></span> <span class='ocrx_word' id='word_1_74' title='bbox 245 1166 400 1249; x_wconf 71' lang='grc' dir='ltr'><strong><em>ἀνατολὴν</em></strong></span> <span class='ocrx_word' id='word_1_75' title='bbox 418 1162 653 1246; x_wconf 70' lang='grc' dir='ltr'><strong><em>διοικούμενος,</em></strong></span> <span class='ocrx_word' id='word_1_76' title='bbox 686 1165 845 1238; x_wconf 75' lang='grc' dir='ltr'><strong><em>ίανίπτετο</em></strong></span> <span class='ocrx_word' id='word_1_77' title='bbox 871 1168 921 1230; x_wconf 81' lang='grc' dir='ltr'>καί</span> <span class='ocrx_word' id='word_1_78' title='bbox 946 1168 1014 1250; x_wconf 85' lang='grc' dir='ltr'><strong><em>περί</em></strong></span> <span class='ocrx_word' id='word_1_79' title='bbox 1040 1170 1097 1230; x_wconf 81' lang='grc' dir='ltr'>τοῦ</span> <span class='ocrx_word' id='word_1_80' title='bbox 1120 1163 1191 1230; x_wconf 71' lang='lat' dir='ltr'>aiot</span> <span class='ocrx_word' id='word_1_81' title='bbox 1208 1163 1230 1218; x_wconf 78' lang='grc' dir='ltr'><strong><em>Ρ</em></strong></span> <span class='ocrx_word' id='word_1_82' title='bbox 1248 1164 1299 1220; x_wconf 74' lang='lat'>1⁰5</span> 
     </span>
     <span class='ocr_line' id='line_1_10' title="bbox 89 1263 1194 1356; baseline -0.003 -21"><span class='ocrx_word' id='word_1_83' title='bbox 89 1265 240 1352; x_wconf 75' lang='grc' dir='ltr'><strong><em>Μιχαῆλ,</em></strong></span> <span class='ocrx_word' id='word_1_84' title='bbox 267 1270 427 1354; x_wconf 81' lang='grc' dir='ltr'><strong><em>ίπαγαγεῖν</em></strong></span> <span class='ocrx_word' id='word_1_85' title='bbox 455 1269 557 1356; x_wconf 73' lang='grc' dir='ltr'><strong><em>ἐκείνῳ</em></strong></span> <span class='ocrx_word' id='word_1_86' title='bbox 579 1270 612 1334; x_wconf 73' lang='grc' dir='ltr'><strong><em>ἓν</em></strong></span> <span class='ocrx_word' id='word_1_87' title='bbox 632 1275 688 1334; x_wconf 79' lang='grc' dir='ltr'>τοῦ</span> <span class='ocrx_word' id='word_1_88' title='bbox 713 1267 805 1354; x_wconf 79' lang='grc' dir='ltr'><strong><em>ρηγδς</em></strong></span> <span class='ocrx_word' id='word_1_89' title='bbox 817 1269 959 1344; x_wconf 89' lang='grc' dir='ltr'><strong><em>Πουλίας</em></strong></span> <span class='ocrx_word' id='word_1_90' title='bbox 979 1267 1035 1352; x_wconf 81' lang='grc' dir='ltr'>τὴν</span> <span class='ocrx_word' id='word_1_91' title='bbox 1048 1263 1194 1350; x_wconf 77' lang='grc' dir='ltr'><strong><em>συνοική-</em></strong></span> 
     </span>
     <span class='ocr_line' id='line_1_11' title="bbox 49 1369 1192 1455; baseline -0.003 -18"><span class='ocrx_word' id='word_1_92' title='bbox 49 1385 227 1451; x_wconf 74' lang='grc' dir='ltr'><strong><em>ίοσουσαν,</em></strong></span> <span class='ocrx_word' id='word_1_93' title='bbox 250 1369 271 1455; x_wconf 78' lang='grc' dir='ltr'><em>ἡ</em></span> <span class='ocrx_word' id='word_1_94' title='bbox 293 1370 326 1438; x_wconf 74' lang='grc' dir='ltr'><strong><em>ἓν</em></strong></span> <span class='ocrx_word' id='word_1_95' title='bbox 348 1378 404 1438; x_wconf 82' lang='grc' dir='ltr'>τοῦ</span> <span class='ocrx_word' id='word_1_96' title='bbox 426 1370 495 1436; x_wconf 78' lang='lat' dir='ltr'>uiuri</span> <span class='ocrx_word' id='word_1_97' title='bbox 516 1378 573 1437; x_wconf 79' lang='lat' dir='ltr'>rori</span> <span class='ocrx_word' id='word_1_98' title='bbox 598 1374 793 1437; x_wconf 79' lang='grc' dir='ltr'><strong><em>Βαλδουίνου</em></strong></span> <span class='ocrx_word' id='word_1_99' title='bbox 815 1373 866 1435; x_wconf 81' lang='grc' dir='ltr'>καί</span> <span class='ocrx_word' id='word_1_100' title='bbox 886 1377 942 1455; x_wconf 82' lang='grc' dir='ltr'><strong><em>τῆς</em></strong></span> <span class='ocrx_word' id='word_1_101' title='bbox 962 1371 1122 1454; x_wconf 89' lang='grc' dir='ltr'><strong><em>θυγατρδς</em></strong></span> <span class='ocrx_word' id='word_1_102' title='bbox 1137 1375 1192 1436; x_wconf 82' lang='grc' dir='ltr'>τοῦ</span> 
     </span>
     <span class='ocr_line' id='line_1_12' title="bbox 88 1472 1192 1566; baseline -0.002 -26"><span class='ocrx_word' id='word_1_103' title='bbox 88 1472 277 1557; x_wconf 82' lang='grc' dir='ltr'><strong><em>Καροιίλου,</em></strong></span> <span class='ocrx_word' id='word_1_104' title='bbox 303 1477 513 1560; x_wconf 79' lang='grc' dir='ltr'><strong><em>Αίκοιτερίνα,</em></strong></span> <span class='ocrx_word' id='word_1_105' title='bbox 541 1472 609 1558; x_wconf 78' lang='grc' dir='ltr'><strong><em>ἣτις</em></strong></span> <span class='ocrx_word' id='word_1_106' title='bbox 627 1478 678 1540; x_wconf 85' lang='grc' dir='ltr'>καί</span> <span class='ocrx_word' id='word_1_107' title='bbox 697 1477 746 1540; x_wconf 81' lang='grc' dir='ltr'><strong><em>εἰιί</em></strong></span> <span class='ocrx_word' id='word_1_108' title='bbox 768 1481 812 1563; x_wconf 82' lang='grc' dir='ltr'><strong><em>τῷ</em></strong></span> <span class='ocrx_word' id='word_1_109' title='bbox 828 1473 905 1558; x_wconf 76' lang='grc' dir='ltr'><strong><em>πρὸς</em></strong></span> <span class='ocrx_word' id='word_1_110' title='bbox 918 1474 1037 1558; x_wconf 82' lang='grc' dir='ltr'><strong><em>μητρὸς</em></strong></span> <span class='ocrx_word' id='word_1_111' title='bbox 1056 1475 1133 1563; x_wconf 83' lang='grc' dir='ltr'><strong><em>θείῳ</em></strong></span> <span class='ocrx_word' id='word_1_112' title='bbox 1146 1478 1192 1566; x_wconf 75' lang='grc' dir='ltr'><strong><em>τῷ</em></strong></span> 
     </span>
     <span class='ocr_line' id='line_1_13' title="bbox 89 1573 1191 1667; baseline -0.001 -25"><span class='ocrx_word' id='word_1_113' title='bbox 89 1578 150 1667; x_wconf 72' lang='grc' dir='ltr'>υἱῷ</span> <span class='ocrx_word' id='word_1_114' title='bbox 165 1575 332 1658; x_wconf 82' lang='grc' dir='ltr'><strong><em>Καροδλου</em></strong></span> <span class='ocrx_word' id='word_1_115' title='bbox 353 1580 443 1644; x_wconf 84' lang='grc' dir='ltr'><strong><em>θείαν</em></strong></span> <span class='ocrx_word' id='word_1_116' title='bbox 459 1573 516 1659; x_wconf 70' lang='grc' dir='ltr'><strong><em>εἶχε</em></strong></span> <span class='ocrx_word' id='word_1_117' title='bbox 528 1577 585 1658; x_wconf 85' lang='grc' dir='ltr'>τὴν</span> <span class='ocrx_word' id='word_1_118' title='bbox 600 1584 658 1644; x_wconf 81' lang='grc' dir='ltr'>τοῦ</span> <span class='ocrx_word' id='word_1_119' title='bbox 674 1583 730 1662; x_wconf 81' lang='grc' dir='ltr'><strong><em>τῆς</em></strong></span> <span class='ocrx_word' id='word_1_120' title='bbox 747 1577 900 1661; x_wconf 79' lang='grc' dir='ltr'><strong><em>Οδγγρίας</em></strong></span> <span class='ocrx_word' id='word_1_121' title='bbox 912 1577 1004 1664; x_wconf 81' lang='grc' dir='ltr'><strong><em>ῥηγδς</em></strong></span> <span class='ocrx_word' id='word_1_122' title='bbox 1019 1576 1191 1663; x_wconf 73' lang='grc' dir='ltr'><strong><em>θυγατέρα,</em></strong></span> 
     </span>
     <span class='ocr_line' id='line_1_14' title="bbox 89 1673 1243 1769; baseline -0.002 -23"><span class='ocrx_word' id='word_1_123' title='bbox 89 1683 183 1746; x_wconf 84' lang='grc' dir='ltr'><strong><em>θείαν</em></strong></span> <span class='ocrx_word' id='word_1_124' title='bbox 198 1673 296 1747; x_wconf 70' lang='grc' dir='ltr'><strong><em>οὖσαν</em></strong></span> <span class='ocrx_word' id='word_1_125' title='bbox 310 1681 390 1765; x_wconf 81' lang='grc' dir='ltr'><strong><em>πρὸς</em></strong></span> <span class='ocrx_word' id='word_1_126' title='bbox 402 1680 521 1764; x_wconf 83' lang='grc' dir='ltr'><strong><em>μητρὸς</em></strong></span> <span class='ocrx_word' id='word_1_127' title='bbox 534 1682 584 1744; x_wconf 82' lang='grc' dir='ltr'>καί</span> <span class='ocrx_word' id='word_1_128' title='bbox 600 1687 644 1769; x_wconf 80' lang='grc' dir='ltr'><strong><em>τῷ</em></strong></span> <span class='ocrx_word' id='word_1_129' title='bbox 657 1686 782 1762; x_wconf 72' lang='grc' dir='ltr'><strong><em>βασιλεῖ</em></strong></span> <span class='ocrx_word' id='word_1_130' title='bbox 791 1679 942 1766; x_wconf 82' lang='grc' dir='ltr'><strong><em>Μιχαήλ,</em></strong></span> <span class='ocrx_word' id='word_1_131' title='bbox 969 1679 1037 1763; x_wconf 75' lang='grc' dir='ltr'><strong><em>ἥτις</em></strong></span> <span class='ocrx_word' id='word_1_132' title='bbox 1056 1683 1107 1748; x_wconf 80' lang='grc' dir='ltr'>καί</span> <span class='ocrx_word' id='word_1_133' title='bbox 1122 1679 1194 1756; x_wconf 74' lang='lat' dir='ltr'>roric</span> <span class='ocrx_word' id='word_1_134' title='bbox 1241 1703 1243 1716; x_wconf 86' lang='grc'><strong><em>·</em></strong></span> 
     </span>
     <span class='ocr_line' id='line_1_15' title="bbox 89 1779 1197 1870; baseline -0.002 -20"><span class='ocrx_word' id='word_1_135' title='bbox 89 1779 211 1867; x_wconf 78' lang='grc' dir='ltr'><strong><em>γείμους</em></strong></span> <span class='ocrx_word' id='word_1_136' title='bbox 231 1787 318 1848; x_wconf 79' lang='grc' dir='ltr'><strong><em>δυοῖν</em></strong></span> <span class='ocrx_word' id='word_1_137' title='bbox 341 1783 488 1870; x_wconf 75' lang='grc' dir='ltr'>ἀδελφοῖν</span> <span class='ocrx_word' id='word_1_138' title='bbox 509 1781 569 1847; x_wconf 74' lang='lat' dir='ltr'>rieul</span> <span class='ocrx_word' id='word_1_139' title='bbox 584 1784 676 1868; x_wconf 83' lang='grc' dir='ltr'><strong><em>μίρος</em></strong></span> <span class='ocrx_word' id='word_1_140' title='bbox 693 1780 880 1868; x_wconf 72' lang='grc' dir='ltr'><strong><em>κατήπειγεν.</em></strong></span> <span class='ocrx_word' id='word_1_141' title='bbox 934 1781 1009 1850; x_wconf 74' lang='grc' dir='ltr'><strong><em>ὅθεν</em></strong></span> <span class='ocrx_word' id='word_1_142' title='bbox 1033 1787 1083 1849; x_wconf 78' lang='grc' dir='ltr'>καί</span> <span class='ocrx_word' id='word_1_143' title='bbox 1101 1781 1197 1852; x_wconf 75' lang='grc' dir='ltr'><strong><em>αὐτὸν</em></strong></span> 
     </span>
     <span class='ocr_line' id='line_1_16' title="bbox 52 1883 1197 1974; baseline -0.002 -22"><span class='ocrx_word' id='word_1_144' title='bbox 52 1889 149 1968; x_wconf 82' lang='grc' dir='ltr'><strong><em>15μίν</em></strong></span> <span class='ocrx_word' id='word_1_145' title='bbox 171 1888 221 1952; x_wconf 72' lang='grc' dir='ltr'>ἐπὶ</span> <span class='ocrx_word' id='word_1_146' title='bbox 238 1893 295 1970; x_wconf 80' lang='grc' dir='ltr'><strong><em>τῆς</em></strong></span> <span class='ocrx_word' id='word_1_147' title='bbox 320 1883 438 1963; x_wconf 80' lang='grc' dir='ltr'><strong><em>πόλεως</em></strong></span> <span class='ocrx_word' id='word_1_148' title='bbox 460 1888 633 1952; x_wconf 83' lang='grc' dir='ltr'><strong><em>καταλείπει</em></strong></span> <span class='ocrx_word' id='word_1_149' title='bbox 649 1883 664 1954; x_wconf 82' lang='grc' dir='ltr'><strong>ὅ</strong></span> <span class='ocrx_word' id='word_1_150' title='bbox 679 1884 825 1967; x_wconf 67' lang='lat' dir='ltr'>dunelmie</span> <span class='ocrx_word' id='word_1_151' title='bbox 831 1935 841 1967; x_wconf 90' lang='lat'><em>,</em></span> <span class='ocrx_word' id='word_1_152' title='bbox 869 1885 943 1963; x_wconf 83' lang='grc' dir='ltr'><strong><em>τοδς</em></strong></span> <span class='ocrx_word' id='word_1_153' title='bbox 959 1886 995 1952; x_wconf 84' lang='grc' dir='ltr'>δί</span> <span class='ocrx_word' id='word_1_154' title='bbox 1008 1893 1097 1974; x_wconf 77' lang='grc' dir='ltr'><strong><em>γετῷ</em></strong></span> <span class='ocrx_word' id='word_1_155' title='bbox 1112 1885 1197 1971; x_wconf 77' lang='grc' dir='ltr'><strong><em>κήδει</em></strong></span> 
     </span>
     <span class='ocr_line' id='line_1_17' title="bbox 91 1985 1236 2075; baseline -0.006 -19"><span class='ocrx_word' id='word_1_156' title='bbox 91 1986 309 2072; x_wconf 79' lang='grc' dir='ltr'><strong><em>μεσιτείαντας</em></strong></span> <span class='ocrx_word' id='word_1_157' title='bbox 320 1989 459 2065; x_wconf 79' lang='grc' dir='ltr'><strong><em>Ἰταλοδς</em></strong></span> <span class='ocrx_word' id='word_1_158' title='bbox 478 1986 603 2074; x_wconf 66' lang='grc' dir='ltr'><strong><em>ἐπήγετο</em></strong></span> <span class='ocrx_word' id='word_1_159' title='bbox 626 1989 703 2075; x_wconf 81' lang='grc' dir='ltr'><strong><em>πρὸς</em></strong></span> <span class='ocrx_word' id='word_1_160' title='bbox 716 1989 752 2054; x_wconf 85' lang='grc' dir='ltr'><strong><em>τδ</em></strong></span> <span class='ocrx_word' id='word_1_161' title='bbox 770 1985 958 2073; x_wconf 71' lang='grc' dir='ltr'><strong><em>Νύμφαιον,</em></strong></span> <span class='ocrx_word' id='word_1_162' title='bbox 984 1989 1082 2071; x_wconf 79' lang='grc' dir='ltr'><strong><em>συχνὰ</em></strong></span> <span class='ocrx_word' id='word_1_163' title='bbox 1099 2015 1196 2056; x_wconf 82' lang='grc' dir='ltr'><strong><em>κατα·</em></strong></span> <span class='ocrx_word' id='word_1_164' title='bbox 1212 1995 1236 2049; x_wconf 85' lang='grc' dir='ltr'><em>Β</em></span> 
     </span>
     <span class='ocr_line' id='line_1_18' title="bbox 92 2088 1199 2179; baseline 0 -21"><span class='ocrx_word' id='word_1_165' title='bbox 92 2095 246 2158; x_wconf 71' lang='lat' dir='ltr'>sollerius</span> <span class='ocrx_word' id='word_1_166' title='bbox 262 2095 314 2157; x_wconf 83' lang='grc' dir='ltr'>καί</span> <span class='ocrx_word' id='word_1_167' title='bbox 329 2089 678 2179; x_wconf 68' lang='grc' dir='ltr'><strong><em>προοφιλοτιμοίιμενος,</em></strong></span> <span class='ocrx_word' id='word_1_168' title='bbox 708 2088 804 2156; x_wconf 77' lang='grc' dir='ltr'><strong><em>νείων</em></strong></span> <span class='ocrx_word' id='word_1_169' title='bbox 821 2091 891 2166; x_wconf 83' lang='grc' dir='ltr'><strong><em>ὅλος</em></strong></span> <span class='ocrx_word' id='word_1_170' title='bbox 908 2094 949 2166; x_wconf 83' lang='grc' dir='ltr'>είς</span> <span class='ocrx_word' id='word_1_171' title='bbox 963 2098 1056 2158; x_wconf 73' lang='grc' dir='ltr'><strong><em>τοῦτο</em></strong></span> <span class='ocrx_word' id='word_1_172' title='bbox 1071 2095 1122 2156; x_wconf 81' lang='grc' dir='ltr'>καί</span> <span class='ocrx_word' id='word_1_173' title='bbox 1137 2088 1199 2174; x_wconf 86' lang='grc' dir='ltr'>μδ-</span> 
     </span>
     <span class='ocr_line' id='line_1_19' title="bbox 93 2189 1198 2279; baseline 0 -19"><span class='ocrx_word' id='word_1_174' title='bbox 93 2220 146 2260; x_wconf 86' lang='grc' dir='ltr'>νον</span> <span class='ocrx_word' id='word_1_175' title='bbox 160 2193 198 2261; x_wconf 79' lang='grc' dir='ltr'>οίι</span> <span class='ocrx_word' id='word_1_176' title='bbox 214 2198 265 2260; x_wconf 77' lang='grc' dir='ltr'><strong><em>οιαὶ</em></strong></span> <span class='ocrx_word' id='word_1_177' title='bbox 279 2197 470 2278; x_wconf 86' lang='grc' dir='ltr'><strong><em>συνδίομους</em></strong></span> <span class='ocrx_word' id='word_1_178' title='bbox 484 2201 546 2260; x_wconf 83' lang='grc' dir='ltr'>τῶν</span> <span class='ocrx_word' id='word_1_179' title='bbox 560 2193 733 2278; x_wconf 77' lang='grc' dir='ltr'><strong><em>ἀναγκαίων</em></strong></span> <span class='ocrx_word' id='word_1_180' title='bbox 747 2189 937 2277; x_wconf 69' lang='grc' dir='ltr'><strong><em>ποιούμενος.</em></strong></span> <span class='ocrx_word' id='word_1_181' title='bbox 980 2194 1028 2259; x_wconf 73' lang='lat' dir='ltr'>lat</span> <span class='ocrx_word' id='word_1_182' title='bbox 1043 2193 1122 2260; x_wconf 83' lang='grc' dir='ltr'><strong><em>πολδ</em></strong></span> <span class='ocrx_word' id='word_1_183' title='bbox 1138 2193 1198 2279; x_wconf 78' lang='grc' dir='ltr'>γὰρ</span> 
     </span>
     <span class='ocr_line' id='line_1_20' title="bbox 93 2293 1199 2384; baseline 0.001 -23"><span class='ocrx_word' id='word_1_184' title='bbox 93 2301 144 2364; x_wconf 78' lang='grc' dir='ltr'>καί</span> <span class='ocrx_word' id='word_1_185' title='bbox 165 2294 412 2384; x_wconf 76' lang='grc' dir='ltr'><strong><em>προσελιπάρουν</em></strong></span> <span class='ocrx_word' id='word_1_186' title='bbox 433 2299 554 2378; x_wconf 82' lang='grc' dir='ltr'><strong><em>ίκεῒνοι,</em></strong></span> <span class='ocrx_word' id='word_1_187' title='bbox 584 2299 634 2363; x_wconf 79' lang='grc' dir='ltr'>καί</span> <span class='ocrx_word' id='word_1_188' title='bbox 657 2296 816 2381; x_wconf 84' lang='grc' dir='ltr'><strong><em>συμφίρον</em></strong></span> <span class='ocrx_word' id='word_1_189' title='bbox 834 2298 1021 2381; x_wconf 73' lang='grc' dir='ltr'><strong><em>παμπληθὲς</em></strong></span> <span class='ocrx_word' id='word_1_190' title='bbox 1037 2293 1133 2364; x_wconf 72' lang='grc' dir='ltr'><strong><em>ε’δδκει</em></strong></span> <span class='ocrx_word' id='word_1_191' title='bbox 1147 2301 1199 2364; x_wconf 82' lang='grc' dir='ltr'>καί</span> 
     </span>
     <span class='ocr_line' id='line_1_21' title="bbox 58 2397 1199 2488; baseline -0.002 -18"><span class='ocrx_word' id='word_1_192' title='bbox 58 2402 252 2484; x_wconf 61' lang='grc' dir='ltr'><strong><em>θλβοσιλίως.</em></strong></span> <span class='ocrx_word' id='word_1_193' title='bbox 265 2399 351 2478; x_wconf 67' lang='lat' dir='ltr'>attor</span> <span class='ocrx_word' id='word_1_194' title='bbox 371 2401 407 2467; x_wconf 90' lang='grc' dir='ltr'><strong><em>τδ</em></strong></span> <span class='ocrx_word' id='word_1_195' title='bbox 431 2398 643 2486; x_wconf 81' lang='grc' dir='ltr'><strong><em>συνάλλαγμα.</em></strong></span> <span class='ocrx_word' id='word_1_196' title='bbox 702 2397 836 2468; x_wconf 83' lang='grc' dir='ltr'><strong><em>δπίτεινε</em></strong></span> <span class='ocrx_word' id='word_1_197' title='bbox 859 2401 893 2467; x_wconf 86' lang='grc' dir='ltr'>δί</span> <span class='ocrx_word' id='word_1_198' title='bbox 913 2404 965 2466; x_wconf 82' lang='grc' dir='ltr'>καί</span> <span class='ocrx_word' id='word_1_199' title='bbox 983 2401 1121 2488; x_wconf 73' lang='grc' dir='ltr'><strong><em>χρηστὰς</em></strong></span> <span class='ocrx_word' id='word_1_200' title='bbox 1142 2401 1199 2478; x_wconf 79' lang='grc' dir='ltr'><strong><em>τὰς</em></strong></span> 
     </span>
    </p>
   </div>
   <div class='ocr_carea' id='block_1_3' title="bbox 163 2605 453 2686">
    <p class='ocr_par' dir='ltr' id='par_1_4' title="bbox 163 2605 453 2686">
     <span class='ocr_line' id='line_1_22' title="bbox 163 2605 453 2686; baseline 0.003 -1"><span class='ocrx_word' id='word_1_201' title='bbox 163 2609 296 2686; x_wconf 71' lang='lat' dir='ltr'>1⁰·t1r‘r</span> <span class='ocrx_word' id='word_1_202' title='bbox 314 2610 345 2672; x_wconf 72' lang='grc' dir='ltr'>δ’</span> <span class='ocrx_word' id='word_1_203' title='bbox 362 2605 453 2686; x_wconf 71' lang='lat' dir='ltr'>vivi?</span> 
     </span>
    </p>
   </div>
   <div class='ocr_carea' id='block_1_4' title="bbox 1 2803 1212 4272">
    <p class='ocr_par' dir='ltr' id='par_1_5' title="bbox 1 2803 1212 4272">
     <span class='ocr_line' id='line_1_23' title="bbox 165 2803 1198 2926; baseline 0.001 -68"><span class='ocrx_word' id='word_1_204' title='bbox 165 2805 207 2859; x_wconf 83' lang='lat'>18.</span> <span class='ocrx_word' id='word_1_205' title='bbox 242 2803 302 2874; x_wconf 88' lang='lat' dir='ltr'>Ipsa</span> <span class='ocrx_word' id='word_1_206' title='bbox 322 2820 403 2926; x_wconf 86' lang='lat' dir='ltr'>porro</span> <span class='ocrx_word' id='word_1_207' title='bbox 418 2803 563 2874; x_wconf 81' lang='lat' dir='ltr'>Angustus,</span> <span class='ocrx_word' id='word_1_208' title='bbox 584 2803 661 2860; x_wconf 86' lang='lat' dir='ltr'>misso</span> <span class='ocrx_word' id='word_1_209' title='bbox 684 2805 755 2878; x_wconf 88' lang='lat' dir='ltr'>prius</span> <span class='ocrx_word' id='word_1_210' title='bbox 778 2803 803 2858; x_wconf 91' lang='lat' dir='ltr'>iu</span> <span class='ocrx_word' id='word_1_211' title='bbox 828 2803 961 2859; x_wconf 87' lang='lat' dir='ltr'>Orientem</span> <span class='ocrx_word' id='word_1_212' title='bbox 978 2805 1198 2876; x_wconf 81' lang='lat' dir='ltr'>Porphyrogenito</span> 
     </span>
     <span class='ocr_line' id='line_1_24' title="bbox 95 2875 1199 2946; baseline 0.001 -20"><span class='ocrx_word' id='word_1_213' title='bbox 95 2889 182 2926; x_wconf 63' lang='lat' dir='ltr'>neuun</span> <span class='ocrx_word' id='word_1_214' title='bbox 197 2891 304 2926; x_wconf 84' lang='lat' dir='ltr'>uxorem</span> <span class='ocrx_word' id='word_1_215' title='bbox 340 2880 448 2939; x_wconf 84' lang='lat' dir='ltr'>urente,</span> <span class='ocrx_word' id='word_1_216' title='bbox 471 2892 538 2943; x_wconf 85' lang='lat' dir='ltr'>quae</span> <span class='ocrx_word' id='word_1_217' title='bbox 555 2876 654 2945; x_wconf 88' lang='lat' dir='ltr'>etipsa</span> <span class='ocrx_word' id='word_1_218' title='bbox 675 2883 733 2928; x_wconf 88' lang='lat' dir='ltr'>erat</span> <span class='ocrx_word' id='word_1_219' title='bbox 749 2893 780 2927; x_wconf 83' lang='lat' dir='ltr'>ex</span> <span class='ocrx_word' id='word_1_220' title='bbox 797 2875 887 2927; x_wconf 84' lang='lat' dir='ltr'>Rsislie</span> <span class='ocrx_word' id='word_1_221' title='bbox 903 2875 999 2942; x_wconf 87' lang='lat' dir='ltr'>stirpe,</span> <span class='ocrx_word' id='word_1_222' title='bbox 1023 2883 1127 2928; x_wconf 85' lang='lat' dir='ltr'>secutus</span> <span class='ocrx_word' id='word_1_223' title='bbox 1142 2875 1199 2946; x_wconf 88' lang='lat' dir='ltr'>ipse</span> 
     </span>
     <span class='ocr_line' id='line_1_25' title="bbox 1 2943 1200 3014; baseline 0.002 -18"><span class='ocrx_word' id='word_1_224' title='bbox 1 2947 3 2957; x_wconf 61' lang='lat'><em>¹</em></span> <span class='ocrx_word' id='word_1_225' title='bbox 96 2959 314 3012; x_wconf 80' lang='lat' dir='ltr'>quoqueversus</span> <span class='ocrx_word' id='word_1_226' title='bbox 339 2943 431 2996; x_wconf 85' lang='lat' dir='ltr'>Ortum</span> <span class='ocrx_word' id='word_1_227' title='bbox 453 2945 540 2996; x_wconf 79' lang='lat' dir='ltr'>morit</span> <span class='ocrx_word' id='word_1_228' title='bbox 577 2950 802 3014; x_wconf 69' lang='lat' dir='ltr'>transgressusque</span> <span class='ocrx_word' id='word_1_229' title='bbox 823 2951 913 3013; x_wconf 83' lang='lat' dir='ltr'>partes</span> <span class='ocrx_word' id='word_1_230' title='bbox 936 2943 1089 3011; x_wconf 85' lang='lat' dir='ltr'>Bithyniae,</span> <span class='ocrx_word' id='word_1_231' title='bbox 1113 2962 1145 2997; x_wconf 87' lang='lat' dir='ltr'>so</span> <span class='ocrx_word' id='word_1_232' title='bbox 1167 2945 1200 2998; x_wconf 87' lang='lat' dir='ltr'>iis</span> 
     </span>
     <span class='ocr_line' id='line_1_26' title="bbox 1 3011 1201 3084; baseline 0.004 -23"><span class='ocrx_word' id='word_1_233' title='bbox 1 3014 3 3060; x_wconf 65' lang='lat' dir='ltr'>i</span> <span class='ocrx_word' id='word_1_234' title='bbox 97 3011 189 3074; x_wconf 75' lang='lat' dir='ltr'>obiter,</span> <span class='ocrx_word' id='word_1_235' title='bbox 207 3029 275 3081; x_wconf 87' lang='lat' dir='ltr'>quse</span> <span class='ocrx_word' id='word_1_236' title='bbox 290 3012 367 3082; x_wconf 85' lang='lat' dir='ltr'>paulo</span> <span class='ocrx_word' id='word_1_237' title='bbox 384 3020 444 3064; x_wconf 88' lang='lat' dir='ltr'>ante</span> <span class='ocrx_word' id='word_1_238' title='bbox 461 3020 599 3066; x_wconf 88' lang='lat' dir='ltr'>memorata</span> <span class='ocrx_word' id='word_1_239' title='bbox 616 3024 684 3076; x_wconf 69' lang='lat' dir='ltr'>sunt,</span> <span class='ocrx_word' id='word_1_240' title='bbox 703 3031 758 3068; x_wconf 90' lang='lat' dir='ltr'>cum</span> <span class='ocrx_word' id='word_1_241' title='bbox 777 3015 861 3065; x_wconf 83' lang='lat' dir='ltr'>Veceo</span> <span class='ocrx_word' id='word_1_242' title='bbox 877 3013 1032 3084; x_wconf 73' lang='lat' dir='ltr'>reliquisque</span> <span class='ocrx_word' id='word_1_243' title='bbox 1051 3014 1201 3081; x_wconf 77' lang='lat' dir='ltr'>transactis,</span> 
     </span>
     <span class='ocr_line' id='line_1_27' title="bbox 1 3074 1203 3152; baseline 0.003 -20"><span class='ocrx_word' id='word_1_244' title='bbox 1 3074 3 3090; x_wconf 83' lang='lat'>&#39;</span> <span class='ocrx_word' id='word_1_245' title='bbox 97 3079 277 3150; x_wconf 75' lang='lat' dir='ltr'>Nymphaeum</span> <span class='ocrx_word' id='word_1_246' title='bbox 293 3080 412 3150; x_wconf 83' lang='lat' dir='ltr'>pervenit</span> <span class='ocrx_word' id='word_1_247' title='bbox 428 3083 543 3134; x_wconf 85' lang='lat' dir='ltr'>comitem</span> <span class='ocrx_word' id='word_1_248' title='bbox 567 3084 662 3135; x_wconf 88' lang='lat' dir='ltr'>habeus</span> <span class='ocrx_word' id='word_1_249' title='bbox 679 3083 852 3146; x_wconf 81' lang='grc' dir='ltr'><strong><em>ΜυτοΙοοεοι,</em></strong></span> <span class='ocrx_word' id='word_1_250' title='bbox 878 3099 955 3151; x_wconf 88' lang='lat' dir='ltr'>super</span> <span class='ocrx_word' id='word_1_251' title='bbox 972 3082 1103 3152; x_wconf 88' lang='lat' dir='ltr'>antiquum</span> <span class='ocrx_word' id='word_1_252' title='bbox 1121 3084 1203 3136; x_wconf 87' lang='lat' dir='ltr'>hono-</span> 
     </span>
     <span class='ocr_line' id='line_1_28' title="bbox 97 3149 1204 3220; baseline 0.001 -19"><span class='ocrx_word' id='word_1_253' title='bbox 97 3165 148 3201; x_wconf 84' lang='lat' dir='ltr'>rem</span> <span class='ocrx_word' id='word_1_254' title='bbox 166 3150 253 3216; x_wconf 88' lang='lat' dir='ltr'>magui</span> <span class='ocrx_word' id='word_1_255' title='bbox 271 3149 417 3216; x_wconf 84' lang='lat' dir='ltr'>logothetae</span> <span class='ocrx_word' id='word_1_256' title='bbox 434 3168 500 3203; x_wconf 83' lang='lat' dir='ltr'>nova</span> <span class='ocrx_word' id='word_1_257' title='bbox 517 3151 714 3220; x_wconf 79' lang='lat' dir='ltr'>protovestiarii</span> <span class='ocrx_word' id='word_1_258' title='bbox 730 3151 853 3218; x_wconf 82' lang='lat' dir='ltr'>dignitate</span> <span class='ocrx_word' id='word_1_259' title='bbox 870 3153 1026 3205; x_wconf 88' lang='lat' dir='ltr'>decoratum.</span> <span class='ocrx_word' id='word_1_260' title='bbox 1061 3153 1102 3204; x_wconf 88' lang='lat' dir='ltr'>hic</span> <span class='ocrx_word' id='word_1_261' title='bbox 1121 3151 1204 3220; x_wconf 81' lang='lat' dir='ltr'>irnpe-</span> 
     </span>
     <span class='ocr_line' id='line_1_29' title="bbox 97 3219 1204 3286; baseline 0.002 -16"><span class='ocrx_word' id='word_1_262' title='bbox 97 3227 169 3270; x_wconf 80' lang='lat' dir='ltr'>rator</span> <span class='ocrx_word' id='word_1_263' title='bbox 185 3219 239 3271; x_wconf 83' lang='lat' dir='ltr'>lixo</span> <span class='ocrx_word' id='word_1_264' title='bbox 258 3219 392 3286; x_wconf 75' lang='lat' dir='ltr'>Augustali</span> <span class='ocrx_word' id='word_1_265' title='bbox 409 3220 543 3272; x_wconf 85' lang='lat' dir='ltr'>attendere</span> <span class='ocrx_word' id='word_1_266' title='bbox 560 3220 618 3273; x_wconf 89' lang='lat' dir='ltr'>inde</span> <span class='ocrx_word' id='word_1_267' title='bbox 634 3223 780 3275; x_wconf 80' lang='lat' dir='ltr'>ordrnaurlrs</span> <span class='ocrx_word' id='word_1_268' title='bbox 804 3225 963 3284; x_wconf 75' lang='lat' dir='ltr'>orientalium</span> <span class='ocrx_word' id='word_1_269' title='bbox 981 3223 1057 3274; x_wconf 89' lang='lat' dir='ltr'>rebus</span> <span class='ocrx_word' id='word_1_270' title='bbox 1074 3229 1204 3272; x_wconf 72' lang='lat' dir='ltr'>tractuum</span> 
     </span>
     <span class='ocr_line' id='line_1_30' title="bbox 97 3287 1206 3359; baseline 0.003 -21"><span class='ocrx_word' id='word_1_271' title='bbox 97 3287 206 3351; x_wconf 80' lang='lat' dir='ltr'>institit3</span> <span class='ocrx_word' id='word_1_272' title='bbox 232 3287 356 3358; x_wconf 87' lang='lat' dir='ltr'>simulque</span> <span class='ocrx_word' id='word_1_273' title='bbox 378 3289 492 3341; x_wconf 87' lang='lat' dir='ltr'>incubuit</span> <span class='ocrx_word' id='word_1_274' title='bbox 514 3289 540 3342; x_wconf 89' lang='lat' dir='ltr'>in</span> <span class='ocrx_word' id='word_1_275' title='bbox 561 3306 648 3342; x_wconf 82' lang='lat' dir='ltr'>curam</span> <span class='ocrx_word' id='word_1_276' title='bbox 671 3291 882 3343; x_wconf 84' lang='lat' dir='ltr'>conficiendarum</span> <span class='ocrx_word' id='word_1_277' title='bbox 906 3291 1049 3359; x_wconf 78' lang='lat' dir='ltr'>nuptiarum</span> <span class='ocrx_word' id='word_1_278' title='bbox 1072 3289 1206 3342; x_wconf 70' lang='lat' dir='ltr'>Michaelis</span> 
     </span>
     <span class='ocr_line' id='line_1_31' title="bbox 98 3356 1206 3428; baseline 0.004 -20"><span class='ocrx_word' id='word_1_279' title='bbox 98 3356 153 3419; x_wconf 83' lang='lat' dir='ltr'>filii,</span> <span class='ocrx_word' id='word_1_280' title='bbox 172 3358 215 3410; x_wconf 90' lang='lat' dir='ltr'>eni</span> <span class='ocrx_word' id='word_1_281' title='bbox 232 3373 351 3425; x_wconf 87' lang='lat' dir='ltr'>sponsam</span> <span class='ocrx_word' id='word_1_282' title='bbox 369 3357 468 3425; x_wconf 77' lang='lat' dir='ltr'>legerat</span> <span class='ocrx_word' id='word_1_283' title='bbox 490 3359 560 3426; x_wconf 85' lang='lat' dir='ltr'>regis</span> <span class='ocrx_word' id='word_1_284' title='bbox 577 3360 686 3428; x_wconf 82' lang='lat' dir='ltr'>Apuliae</span> <span class='ocrx_word' id='word_1_285' title='bbox 707 3359 801 3424; x_wconf 85' lang='lat' dir='ltr'>filiam,</span> <span class='ocrx_word' id='word_1_286' title='bbox 828 3377 860 3412; x_wconf 87' lang='lat' dir='ltr'>ex</span> <span class='ocrx_word' id='word_1_287' title='bbox 881 3359 997 3412; x_wconf 86' lang='lat' dir='ltr'>Balduiul</span> <span class='ocrx_word' id='word_1_288' title='bbox 1019 3360 1073 3412; x_wconf 85' lang='lat' dir='ltr'>lilio</span> <span class='ocrx_word' id='word_1_289' title='bbox 1099 3366 1126 3412; x_wconf 93' lang='lat' dir='ltr'>et</span> <span class='ocrx_word' id='word_1_290' title='bbox 1151 3359 1206 3412; x_wconf 83' lang='lat' dir='ltr'>fitia</span> 
     </span>
     <span class='ocr_line' id='line_1_32' title="bbox 99 3424 1208 3500; baseline 0 -22"><span class='ocrx_word' id='word_1_291' title='bbox 99 3424 186 3478; x_wconf 78' lang='lat' dir='ltr'>Caroli</span> <span class='ocrx_word' id='word_1_292' title='bbox 209 3435 306 3479; x_wconf 82' lang='lat' dir='ltr'>natam.</span> <span class='ocrx_word' id='word_1_293' title='bbox 339 3427 403 3480; x_wconf 86' lang='lat' dir='ltr'>haee</span> <span class='ocrx_word' id='word_1_294' title='bbox 427 3429 579 3481; x_wconf 87' lang='lat' dir='ltr'>Aecaterina</span> <span class='ocrx_word' id='word_1_295' title='bbox 604 3435 750 3498; x_wconf 82' lang='lat' dir='ltr'>nuncupata</span> <span class='ocrx_word' id='word_1_296' title='bbox 773 3446 820 3500; x_wconf 89' lang='lat' dir='ltr'>per</span> <span class='ocrx_word' id='word_1_297' title='bbox 846 3430 995 3482; x_wconf 78' lang='lat' dir='ltr'>avunculum</span> <span class='ocrx_word' id='word_1_298' title='bbox 1020 3429 1099 3482; x_wconf 85' lang='lat' dir='ltr'>filiurn</span> <span class='ocrx_word' id='word_1_299' title='bbox 1118 3426 1208 3481; x_wconf 86' lang='lat' dir='ltr'>Caroli</span> 
     </span>
     <span class='ocr_line' id='line_1_33' title="bbox 99 3495 1208 3567; baseline 0.001 -20"><span class='ocrx_word' id='word_1_300' title='bbox 99 3501 264 3547; x_wconf 83' lang='lat' dir='ltr'>materteram</span> <span class='ocrx_word' id='word_1_301' title='bbox 283 3495 372 3548; x_wconf 83' lang='lat' dir='ltr'>lrabuit</span> <span class='ocrx_word' id='word_1_302' title='bbox 388 3496 465 3548; x_wconf 86' lang='lat' dir='ltr'>tiliam</span> <span class='ocrx_word' id='word_1_303' title='bbox 483 3497 553 3564; x_wconf 80' lang='lat' dir='ltr'>regis</span> <span class='ocrx_word' id='word_1_304' title='bbox 571 3497 734 3566; x_wconf 84' lang='lat' dir='ltr'>Huugariae‚</span> <span class='ocrx_word' id='word_1_305' title='bbox 761 3515 828 3567; x_wconf 89' lang='lat' dir='ltr'>quae</span> <span class='ocrx_word' id='word_1_306' title='bbox 844 3507 984 3552; x_wconf 82' lang='lat' dir='ltr'>matertera</span> <span class='ocrx_word' id='word_1_307' title='bbox 1000 3497 1062 3550; x_wconf 88' lang='lat' dir='ltr'>item</span> <span class='ocrx_word' id='word_1_308' title='bbox 1080 3505 1138 3549; x_wconf 87' lang='lat' dir='ltr'>erat</span> <span class='ocrx_word' id='word_1_309' title='bbox 1154 3495 1208 3549; x_wconf 81' lang='lat' dir='ltr'>Mi-</span> 
     </span>
     <span class='ocr_line' id='line_1_34' title="bbox 101 3564 1210 3637; baseline 0 -21"><span class='ocrx_word' id='word_1_310' title='bbox 101 3564 195 3617; x_wconf 71' lang='lat' dir='ltr'>auseris</span> <span class='ocrx_word' id='word_1_311' title='bbox 214 3564 327 3617; x_wconf 86' lang='lat' dir='ltr'>eiusdem</span> <span class='ocrx_word' id='word_1_312' title='bbox 346 3565 455 3632; x_wconf 77' lang='lat' dir='ltr'>Augusti</span> <span class='ocrx_word' id='word_1_313' title='bbox 471 3565 579 3619; x_wconf 88' lang='lat' dir='ltr'>iunioris</span> <span class='ocrx_word' id='word_1_314' title='bbox 603 3585 634 3620; x_wconf 83' lang='lat' dir='ltr'>ex</span> <span class='ocrx_word' id='word_1_315' title='bbox 659 3567 732 3621; x_wconf 85' lang='lat' dir='ltr'>huius</span> <span class='ocrx_word' id='word_1_316' title='bbox 755 3583 844 3621; x_wconf 88' lang='lat' dir='ltr'>sorore</span> <span class='ocrx_word' id='word_1_317' title='bbox 862 3567 953 3636; x_wconf 84' lang='lat' dir='ltr'>geniti.</span> <span class='ocrx_word' id='word_1_318' title='bbox 987 3585 1068 3637; x_wconf 85' lang='lat' dir='ltr'>quare</span> <span class='ocrx_word' id='word_1_319' title='bbox 1084 3567 1128 3620; x_wconf 86' lang='lat' dir='ltr'>illa</span> <span class='ocrx_word' id='word_1_320' title='bbox 1147 3582 1210 3618; x_wconf 85' lang='lat' dir='ltr'>eon-</span> 
     </span>
     <span class='ocr_line' id='line_1_35' title="bbox 99 3633 1209 3706; baseline 0.002 -22"><span class='ocrx_word' id='word_1_321' title='bbox 99 3633 193 3701; x_wconf 82' lang='lat' dir='ltr'>ingium</span> <span class='ocrx_word' id='word_1_322' title='bbox 221 3634 291 3686; x_wconf 87' lang='lat' dir='ltr'>istud</span> <span class='ocrx_word' id='word_1_323' title='bbox 317 3633 422 3686; x_wconf 87' lang='lat' dir='ltr'>duorum</span> <span class='ocrx_word' id='word_1_324' title='bbox 448 3635 530 3686; x_wconf 89' lang='lat' dir='ltr'>sibie</span> <span class='ocrx_word' id='word_1_325' title='bbox 554 3637 684 3690; x_wconf 90' lang='lat' dir='ltr'>sororibus</span> <span class='ocrx_word' id='word_1_326' title='bbox 701 3645 820 3706; x_wconf 83' lang='lat' dir='ltr'>nepotum</span> <span class='ocrx_word' id='word_1_327' title='bbox 835 3654 883 3706; x_wconf 93' lang='lat' dir='ltr'>pro</span> <span class='ocrx_word' id='word_1_328' title='bbox 900 3654 939 3700; x_wconf 84' lang='lat' dir='ltr'>se,</span> <span class='ocrx_word' id='word_1_329' title='bbox 957 3647 1077 3706; x_wconf 83' lang='lat' dir='ltr'>quantum</span> <span class='ocrx_word' id='word_1_330' title='bbox 1096 3637 1209 3704; x_wconf 89' lang='lat' dir='ltr'>poteret,</span> 
     </span>
     <span class='ocr_line' id='line_1_36' title="bbox 100 3703 1210 3776; baseline -0.001 -22"><span class='ocrx_word' id='word_1_331' title='bbox 100 3705 218 3770; x_wconf 88' lang='lat' dir='ltr'>nrgebst.</span> <span class='ocrx_word' id='word_1_332' title='bbox 255 3703 378 3772; x_wconf 84' lang='lat' dir='ltr'>quocirca</span> <span class='ocrx_word' id='word_1_333' title='bbox 395 3703 444 3755; x_wconf 86' lang='lat' dir='ltr'>etsi</span> <span class='ocrx_word' id='word_1_334' title='bbox 462 3703 611 3758; x_wconf 73' lang='lat' dir='ltr'>Michailem</span> <span class='ocrx_word' id='word_1_335' title='bbox 636 3713 666 3758; x_wconf 88' lang='lat' dir='ltr'>ut</span> <span class='ocrx_word' id='word_1_336' title='bbox 683 3723 711 3759; x_wconf 85' lang='lat' dir='ltr'>se</span> <span class='ocrx_word' id='word_1_337' title='bbox 728 3708 838 3759; x_wconf 87' lang='lat' dir='ltr'>absente</span> <span class='ocrx_word' id='word_1_338' title='bbox 853 3707 911 3758; x_wconf 90' lang='lat' dir='ltr'>urbi</span> <span class='ocrx_word' id='word_1_339' title='bbox 928 3715 1062 3776; x_wconf 83' lang='lat' dir='ltr'>praeesset</span> <span class='ocrx_word' id='word_1_340' title='bbox 1080 3705 1210 3758; x_wconf 89' lang='lat' dir='ltr'>Constan-</span> 
     </span>
     <span class='ocr_line' id='line_1_37' title="bbox 101 3769 1210 3842; baseline -0.003 -18"><span class='ocrx_word' id='word_1_341' title='bbox 101 3771 203 3842; x_wconf 87' lang='lat' dir='ltr'>tinopoli</span> <span class='ocrx_word' id='word_1_342' title='bbox 221 3778 298 3842; x_wconf 86' lang='lat' dir='ltr'>pater</span> <span class='ocrx_word' id='word_1_343' title='bbox 315 3771 471 3842; x_wconf 80' lang='lat' dir='ltr'>reliquerat,</span> <span class='ocrx_word' id='word_1_344' title='bbox 494 3782 578 3826; x_wconf 71' lang='lat' dir='ltr'>maren</span> <span class='ocrx_word' id='word_1_345' title='bbox 601 3775 682 3827; x_wconf 86' lang='lat' dir='ltr'>Italos</span> <span class='ocrx_word' id='word_1_346' title='bbox 704 3776 779 3828; x_wconf 87' lang='lat' dir='ltr'>huius</span> <span class='ocrx_word' id='word_1_347' title='bbox 805 3776 980 3828; x_wconf 85' lang='lat' dir='ltr'>conciliatores</span> <span class='ocrx_word' id='word_1_348' title='bbox 1004 3771 1159 3828; x_wconf 84' lang='lat' dir='ltr'>matrimonii</span> <span class='ocrx_word' id='word_1_349' title='bbox 1176 3769 1210 3822; x_wconf 87' lang='lat' dir='ltr'>ad</span> 
     </span>
     <span class='ocr_line' id='line_1_38' title="bbox 102 3839 1212 3916; baseline -0.003 -23"><span class='ocrx_word' id='word_1_350' title='bbox 102 3857 129 3894; x_wconf 85' lang='lat' dir='ltr'>aa</span> <span class='ocrx_word' id='word_1_351' title='bbox 139 3841 200 3895; x_wconf 82' lang='lat' dir='ltr'>inde</span> <span class='ocrx_word' id='word_1_352' title='bbox 210 3839 310 3894; x_wconf 85' lang='lat' dir='ltr'>accitos</span> <span class='ocrx_word' id='word_1_353' title='bbox 322 3839 467 3916; x_wconf 70' lang='lat' dir='ltr'>Nymphaei</span> <span class='ocrx_word' id='word_1_354' title='bbox 483 3842 686 3910; x_wconf 84' lang='lat' dir='ltr'>splendidissime</span> <span class='ocrx_word' id='word_1_355' title='bbox 702 3845 834 3908; x_wconf 84' lang='lat' dir='ltr'>tractavit,</span> <span class='ocrx_word' id='word_1_356' title='bbox 850 3847 967 3914; x_wconf 83' lang='lat' dir='ltr'>ingentes</span> <span class='ocrx_word' id='word_1_357' title='bbox 979 3850 1005 3896; x_wconf 90' lang='lat' dir='ltr'>in</span> <span class='ocrx_word' id='word_1_358' title='bbox 1023 3861 1067 3896; x_wconf 92' lang='lat' dir='ltr'>eus</span> <span class='ocrx_word' id='word_1_359' title='bbox 1084 3844 1212 3895; x_wconf 85' lang='lat' dir='ltr'>honoran-</span> 
     </span>
     <span class='ocr_line' id='line_1_39' title="bbox 101 3909 1211 3982; baseline 0.008 -21"><span class='ocrx_word' id='word_1_360' title='bbox 101 3911 146 3962; x_wconf 87' lang='lat' dir='ltr'>dos</span> <span class='ocrx_word' id='word_1_361' title='bbox 162 3916 280 3981; x_wconf 85' lang='lat' dir='ltr'>sumptus</span> <span class='ocrx_word' id='word_1_362' title='bbox 298 3909 415 3974; x_wconf 80' lang='lat' dir='ltr'>taciens,</span> <span class='ocrx_word' id='word_1_363' title='bbox 432 3912 610 3982; x_wconf 80' lang='lat' dir='ltr'>negotiumque</span> <span class='ocrx_word' id='word_1_364' title='bbox 628 3931 691 3966; x_wconf 83' lang='lat' dir='ltr'>cura</span> <span class='ocrx_word' id='word_1_365' title='bbox 707 3920 779 3968; x_wconf 84' lang='lat' dir='ltr'>tanta</span> <span class='ocrx_word' id='word_1_366' title='bbox 797 3922 824 3966; x_wconf 88' lang='lat' dir='ltr'>et</span> <span class='ocrx_word' id='word_1_367' title='bbox 841 3915 925 3968; x_wconf 85' lang='lat' dir='ltr'>studio</span> <span class='ocrx_word' id='word_1_368' title='bbox 944 3930 1096 3982; x_wconf 73' lang='lat' dir='ltr'>capessens·</span> <span class='ocrx_word' id='word_1_369' title='bbox 1114 3917 1143 3962; x_wconf 73' lang='lat' dir='ltr'>ul</span> <span class='ocrx_word' id='word_1_370' title='bbox 1160 3925 1211 3977; x_wconf 64' lang='lat' dir='ltr'>Pa·</span> 
     </span>
     <span class='ocr_line' id='line_1_40' title="bbox 104 3979 1211 4054; baseline -0.002 -23"><span class='ocrx_word' id='word_1_371' title='bbox 104 3996 154 4031; x_wconf 87' lang='lat' dir='ltr'>rum</span> <span class='ocrx_word' id='word_1_372' title='bbox 171 3981 205 4033; x_wconf 90' lang='lat' dir='ltr'>ab</span> <span class='ocrx_word' id='word_1_373' title='bbox 223 3980 315 4032; x_wconf 87' lang='lat' dir='ltr'>ultimo</span> <span class='ocrx_word' id='word_1_374' title='bbox 341 3997 447 4032; x_wconf 84' lang='lat' dir='ltr'>assensu</span> <span class='ocrx_word' id='word_1_375' title='bbox 471 3990 549 4051; x_wconf 89' lang='lat' dir='ltr'>atque</span> <span class='ocrx_word' id='word_1_376' title='bbox 572 3982 636 4034; x_wconf 89' lang='lat' dir='ltr'>adeo</span> <span class='ocrx_word' id='word_1_377' title='bbox 660 4000 676 4035; x_wconf 90' lang='lat' dir='ltr'>s</span> <span class='ocrx_word' id='word_1_378' title='bbox 699 3982 871 4036; x_wconf 83' lang='lat' dir='ltr'>celebratione</span> <span class='ocrx_word' id='word_1_379' title='bbox 888 3983 1042 4054; x_wconf 88' lang='lat' dir='ltr'>sponsalium</span> <span class='ocrx_word' id='word_1_380' title='bbox 1060 3995 1101 4033; x_wconf 88' lang='lat' dir='ltr'>res</span> <span class='ocrx_word' id='word_1_381' title='bbox 1119 3979 1211 4030; x_wconf 83' lang='lat' dir='ltr'>abesae</span> 
     </span>
     <span class='ocr_line' id='line_1_41' title="bbox 103 4047 1211 4122; baseline -0.002 -23"><span class='ocrx_word' id='word_1_382' title='bbox 103 4049 240 4104; x_wconf 83' lang='lat' dir='ltr'>rideretur.</span> <span class='ocrx_word' id='word_1_383' title='bbox 276 4066 335 4100; x_wconf 87' lang='lat' dir='ltr'>nam</span> <span class='ocrx_word' id='word_1_384' title='bbox 354 4058 381 4101; x_wconf 88' lang='lat' dir='ltr'>et</span> <span class='ocrx_word' id='word_1_385' title='bbox 397 4049 476 4117; x_wconf 88' lang='lat' dir='ltr'>legati</span> <span class='ocrx_word' id='word_1_386' title='bbox 494 4051 564 4119; x_wconf 88' lang='lat' dir='ltr'>regis</span> <span class='ocrx_word' id='word_1_387' title='bbox 583 4051 692 4120; x_wconf 81' lang='lat' dir='ltr'>Apuliae</span> <span class='ocrx_word' id='word_1_388' title='bbox 709 4069 864 4122; x_wconf 87' lang='lat' dir='ltr'>magnopere</span> <span class='ocrx_word' id='word_1_389' title='bbox 881 4063 910 4106; x_wconf 89' lang='lat' dir='ltr'>ut</span> <span class='ocrx_word' id='word_1_390' title='bbox 928 4052 1018 4106; x_wconf 87' lang='lat' dir='ltr'>loedus</span> <span class='ocrx_word' id='word_1_391' title='bbox 1036 4051 1111 4102; x_wconf 84' lang='lat' dir='ltr'>fieret</span> <span class='ocrx_word' id='word_1_392' title='bbox 1127 4047 1211 4099; x_wconf 89' lang='lat' dir='ltr'>iusta·</span> 
     </span>
     <span class='ocr_line' id='line_1_42' title="bbox 103 4116 1211 4204; baseline -0.002 -34"><span class='ocrx_word' id='word_1_393' title='bbox 103 4116 179 4183; x_wconf 84' lang='lat' dir='ltr'>baut,</span> <span class='ocrx_word' id='word_1_394' title='bbox 202 4125 231 4172; x_wconf 86' lang='lat' dir='ltr'>et</span> <span class='ocrx_word' id='word_1_395' title='bbox 249 4117 315 4171; x_wconf 87' lang='lat' dir='ltr'>utile</span> <span class='ocrx_word' id='word_1_396' title='bbox 330 4117 360 4169; x_wconf 91' lang='lat' dir='ltr'>id</span> <span class='ocrx_word' id='word_1_397' title='bbox 378 4118 532 4204; x_wconf 89' lang='lat' dir='ltr'>dignumque</span> <span class='ocrx_word' id='word_1_398' title='bbox 550 4121 665 4189; x_wconf 89' lang='lat' dir='ltr'>Augusto</span> <span class='ocrx_word' id='word_1_399' title='bbox 685 4121 828 4190; x_wconf 87' lang='lat' dir='ltr'>coniugium</span> <span class='ocrx_word' id='word_1_400' title='bbox 845 4122 940 4192; x_wconf 75' lang='lat' dir='ltr'>passim</span> <span class='ocrx_word' id='word_1_401' title='bbox 958 4137 1045 4174; x_wconf 83' lang='lat' dir='ltr'>omnes</span> <span class='ocrx_word' id='word_1_402' title='bbox 1062 4116 1211 4170; x_wconf 77' lang='lat' dir='ltr'>censebant·</span> 
     </span>
     <span class='ocr_line' id='line_1_43' title="bbox 102 4186 1212 4272; baseline -0.005 -32"><span class='ocrx_word' id='word_1_403' title='bbox 102 4188 168 4272; x_wconf 67' lang='lat' dir='ltr'>petis</span> <span class='ocrx_word' id='word_1_404' title='bbox 184 4189 243 4242; x_wconf 88' lang='lat' dir='ltr'>istie</span> <span class='ocrx_word' id='word_1_405' title='bbox 260 4186 368 4240; x_wconf 83' lang='lat' dir='ltr'>multam</span> <span class='ocrx_word' id='word_1_406' title='bbox 386 4198 498 4241; x_wconf 85' lang='lat' dir='ltr'>secutura</span> <span class='ocrx_word' id='word_1_407' title='bbox 520 4197 628 4243; x_wconf 87' lang='lat' dir='ltr'>eventus</span> <span class='ocrx_word' id='word_1_408' title='bbox 650 4208 721 4260; x_wconf 86' lang='lat' dir='ltr'>spem</span> <span class='ocrx_word' id='word_1_409' title='bbox 745 4191 858 4246; x_wconf 85' lang='lat' dir='ltr'>addebat</span> <span class='ocrx_word' id='word_1_410' title='bbox 879 4189 966 4244; x_wconf 86' lang='lat' dir='ltr'>multis</span> <span class='ocrx_word' id='word_1_411' title='bbox 983 4188 1064 4257; x_wconf 80' lang='lat' dir='ltr'>signis</span> <span class='ocrx_word' id='word_1_412' title='bbox 1079 4186 1212 4238; x_wconf 83' lang='lat' dir='ltr'>declarata</span> 
     </span>
    </p>
   </div>
   <div class='ocr_carea' id='block_1_5' title="bbox 101 4257 1212 4332">
    <p class='ocr_par' dir='ltr' id='par_1_6' title="bbox 101 4257 1212 4332">
     <span class='ocr_line' id='line_1_44' title="bbox 101 4257 1212 4332; baseline 0.005 -19"><span class='ocrx_word' id='word_1_413' title='bbox 101 4257 262 4330; x_wconf 77' lang='lat' dir='ltr'>imperatoris</span> <span class='ocrx_word' id='word_1_414' title='bbox 278 4257 307 4311; x_wconf 87' lang='lat' dir='ltr'>iu</span> <span class='ocrx_word' id='word_1_415' title='bbox 324 4273 383 4312; x_wconf 83' lang='lat' dir='ltr'>earn</span> <span class='ocrx_word' id='word_1_416' title='bbox 400 4258 550 4314; x_wconf 75' lang='lat' dir='ltr'>atsrmtatern</span> <span class='ocrx_word' id='word_1_417' title='bbox 565 4260 719 4332; x_wconf 88' lang='lat' dir='ltr'>propensio,</span> <span class='ocrx_word' id='word_1_418' title='bbox 742 4268 773 4316; x_wconf 90' lang='lat' dir='ltr'>ut</span> <span class='ocrx_word' id='word_1_419' title='bbox 789 4260 849 4315; x_wconf 87' lang='lat' dir='ltr'>ltali</span> <span class='ocrx_word' id='word_1_420' title='bbox 872 4259 927 4315; x_wconf 84' lang='lat' dir='ltr'>eius</span> <span class='ocrx_word' id='word_1_421' title='bbox 943 4257 1040 4330; x_wconf 72' lang='lat' dir='ltr'>aegptii</span> <span class='ocrx_word' id='word_1_422' title='bbox 1056 4260 1212 4318; x_wconf 63' lang='lat' dir='ltr'>meantem</span> 
     </span>
    </p>
   </div>
   <div class='ocr_carea' id='block_1_6' title="bbox 0 0 1421 4786">
    <p class='ocr_par' dir='ltr' id='par_1_7' title="bbox 0 0 1421 4786">
     <span class='ocr_line' id='line_1_45' title="bbox 0 0 1421 4786; baseline 0 0"><span class='ocrx_word' id='word_1_423' title='bbox 0 0 1421 4786; x_wconf 95' lang='lat' dir='ltr'> </span> 
     </span>
    </p>
   </div>
  </div>
 </body>
</html>
