2782 4792
240 241 299 362 nn
323 291 574 364 mnuomoo
595 293 882 364 muanonooo
907 296 946 362 ι..
965 294 1037 366 vu
1122 295 1201 370 oro

85 461 252 553 δεξάμενος
272 464 347 544 roric
361 460 474 553 λόγους
490 463 572 555 παρ’
588 463 686 544 ἄλλον
694 514 706 549 ,
732 463 777 544 ὥς
789 470 891 556 κῆδος
902 467 982 554 πρὸς
996 465 1051 536 τόν
1065 465 1196 556 Πόρσην

85 576 235 640 σονιστᾶν
250 570 383 656 alpetrus
401 571 453 637 sui
475 571 693 657 κοινοπραγίαν
704 569 784 656 ’πρὸς
798 572 911 640 ἐκεῖνον
926 571 1008 639 κατά
1022 577 1086 640 τῶν
1098 579 1194 656 βασι·
1209 584 1234 638 c

86 681 180 742 λικῶν
202 669 394 760 πραγμάτων
414 674 605 742 συντίθεται.
657 670 828 762 redeptus
852 677 905 742 καλ
926 671 1197 762 προσταττόμενος

86 778 250 857 ἀπαντᾶν,
278 774 297 844 ὃ
318 778 353 842 dd
376 779 589 854 δοσιλιιιστῶν
609 779 679 864 περὶ
694 768 731 844 οὗ
745 776 801 862 τὴν
820 778 900 864 πρδς
915 778 972 846 cdv
988 779 1198 867 decutio-,pi-

59 890 206 970 bpooous
227 875 444 963 ἀναβάλλεται.
497 878 812 968 προσεταιρισάμενος
831 883 936 949 dissui
948 881 1024 952 tate
1040 907 1197 971 στρατιω-

86 982 184 1067 τικόν,
205 984 334 1067 πέμπων
350 986 402 1052 καὶ
416 987 517 1070 ζητῶν
532 985 704 1071 ἀσφαλείας
717 986 834 1062 πίστεις
846 985 924 1070 πρδς
936 985 1102 1067 βασιλέως,
1123 985 1196 1054 άντ-

86 1113 142 1166 τος
163 1087 296 1172 ἠλιλιο.1
327 1087 391 1154 ἐπεὶ
414 1089 448 1154 dd
466 1094 509 1176 τῇ
531 1092 627 1176 Χηλῇ
648 1087 760 1156 ἑαυτὸν
782 1091 951 1156 ἐνεπίστευε
972 1093 1024 1156 καλ
1041 1089 1193 1156 educasti
1231 1143 1236 1160 „

86 1198 145 1276 τῆς
155 1191 329 1276 ἀσφαλείας
343 1191 460 1266 ἐκεῖθεν
475 1189 567 1276 εἶχεν,
596 1189 639 1268 ὧς
651 1193 729 1282 ᾤετο
735 1241 746 1274 ,
768 1194 910 1278 Χηλῖτοί
918 1217 997 1269 τινες
1009 1192 1090 1260 κατά
1102 1189 1195 1264 πόλικ
1209 1200 1231 1255 l’
1249 1199 1302 1257 stt

87 1292 265 1380 εδρεθδντες
289 1289 513 1362 σοντόττονται
533 1289 695 1382 deodati,
715 1295 779 1382 μὴν
800 1305 963 1381 κατασχεῖν
975 1298 1009 1364 ἐκ
1023 1294 1118 1363 δόλον
1138 1297 1196 1368 τόν

44 1408 80 1464 td
89 1401 244 1487 φυγαδόαν
258 1399 309 1464 καὶ
326 1401 524 1486 παραδοῦναι
539 1409 608 1477 τοΐς
618 1399 756 1478 dlicuom.
809 1397 826 1466 δ
843 1401 893 1466 καλ
908 1402 1022 1486 γίνεται
1036 1400 1093 1484 τὴν
1105 1402 1196 1484 ταχί-

87 1521 182 1586 στην·
208 1498 326 1588 ιδςγάρ
340 1525 388 1579 τις
406 1508 468 1570 τῶν
484 1500 638 1586 ιόνοόχων
649 1504 699 1569 ἐπὶ
711 1499 813 1593 τούτῳ
828 1501 996 1587 iniuncto,
1010 1547 1011 1552 κ
1023 1501 1118 1580 odada
1136 1505 1196 1588 μέν

87 1601 149 1674 dut
172 1611 235 1672 τῶν
263 1602 538 1691 καταστρωμάτων
562 1613 619 1690 τῆς
644 1607 718 1692 νηδς
737 1603 922 1694 'leudastem
957 1608 1063 1676 ἐκεῖνοι
1087 1607 1121 1673 dd
1140 1604 1196 1676 άττ

10 1759 24 1772 .
87 1703 235 1791 συνήθεις
258 1705 449 1787 εἰσελθόντες
469 1709 506 1778 τό
529 1707 682 1797 φρούριον
705 1718 879 1778 tumuisset
894 1707 1056 1796 τὸνλόγον
1072 1705 1197 1796 nauoq-

87 1810 144 1878 δδν
156 1815 207 1878 καλ
221 1822 287 1889 τοῖς
301 1811 427 1893 ἄλλοις,
453 1815 505 1880 καλ
517 1811 674 1898 μεσούσης
689 1811 808 1900 ἡμέρας
819 1815 900 1897 μετὰ
912 1817 1035 1881 δεῖπνον
1047 1810 1196 1880 ἐπιστάν·

45 1927 138 1991 λῦτις
157 1912 225 1998 ἅμα
237 1964 249 1998 ,
283 1921 348 1983 τῶν
374 1914 611 2004 conquadratos
637 1917 893 2003 διεσπαρμένων,
924 1913 1121 2006 περισχόντες
1143 1921 1196 1984 ds-

85 2023 204 2102 σμοῦσι
218 2021 269 2085 καὶ
283 2017 351 2104 dero
368 2020 522 2104 παράτδν
534 2021 667 2104 βασιλέα
682 2020 812 2110 φέρουσι
826 2020 962 2102 δέσμιον.
999 2020 1146 2103 δασελεδς
1162 2020 1196 2087 δὲ
1211 2024 1250 2080 ll
1338 2065 1343 2071 -

85 2122 171 2210 πρὸς·
180 2125 294 2192 ἐκεῖνον
308 2125 409 2215 μηδὲν
422 2121 559 2204 ἀξιώσας
573 2127 677 2206 εἰπεῖν,
700 2120 827 2210 συνάμα
839 2130 885 2217 aqi
898 2126 1073 2213 Κατανλτζῃ
1085 2130 1198 2192 τοῦτον

87 2423 161 2480 dales
184 2431 315 2495 tamquam
337 2424 453 2480 auditum
470 2439 503 2478 ex
521 2424 572 2479 olio
589 2425 715 2482 retulerat
733 2425 884 2480 convenisse
900 2426 952 2480 iarn
971 2424 1124 2479 Cassianum
1141 2440 1198 2480 cam

87 2493 205 2566 principe
227 2497 363 2548 Persarum
388 2494 422 2548 de
444 2495 575 2548 affinitate
600 2494 667 2548 inter
684 2512 730 2548 eos
747 2496 937 2563 contrahenda,
960 2495 1127 2566 promittente
1143 2495 1200 2563 ipso

88 2563 259 2632 mausluqium
277 2573 305 2617 et
321 2581 477 2618 communem
495 2581 600 2634 operam
617 2563 644 2617 in
661 2567 832 2634 oppugnando
849 2565 957 2636 imperio
975 2565 1100 2618 Romano.
1135 2581 1202 2633 qua·

87 2640 198 2704 propter
221 2633 363 2688 accersitus
387 2635 422 2687 ab
444 2634 603 2702 imperatore
624 2634 652 2688 in
676 2635 765 2688 urbem
795 2637 900 2701 luerat,
934 2642 963 2688 at
988 2635 1074 2688 iussus
1097 2631 1201 2688 onrissis

45 2699 50 2704 ”
87 2703 205 2756 omnibus
224 2717 254 2756 se
269 2704 371 2758 sistere.
406 2720 494 2756 verum
510 2704 553 2756 ille
571 2703 614 2758 vis
633 2717 742 2772 sperans
766 2720 925 2773 purgere‘se
942 2703 1009 2758 satis
1024 2702 1093 2773 apud
1110 2703 1200 2771 Augu·

88 2781 157 2826 atum
185 2787 278 2841 possa,
312 2773 362 2826 iter
393 2772 445 2827 sibi
474 2772 643 2841 periculosum
668 2790 754 2826 moras
780 2780 885 2827 nectens
912 2773 1017 2842 primum
1041 2772 1199 2838 differebsta

88 2840 185 2894 deinde
202 2848 337 2910 postquam
355 2843 447 2910 vulgara
465 2843 570 2894 militurn
592 2841 726 2895 beneficiis
743 2851 771 2894 et
787 2844 883 2912 spebus
900 2844 938 2896 ita
955 2841 1112 2894 demeruisse
1129 2842 1200 2894 risus

89 2918 146 2974 est,
171 2917 201 2962 ut
218 2909 243 2962 iu
261 2911 331 2963 omni
346 2910 394 2964 sibi
411 2913 515 2964 fortune
533 2911 613 2966 lidum
629 2911 687 2964 lore
709 2929 759 2964 non
778 2919 877 2966 temere
893 2911 1052 2974 occiderat,
1080 2910 1131 2964 iaru
1151 2925 1200 2963 aue

88 2979 180 3034 dacius
197 2995 351 3049 responsam
366 2979 435 3032 misit
451 2981 484 3034 ad
501 2979 699 3048 imperatorem,
726 2981 770 3050 qui
793 2982 897 3034 nomine
910 2997 957 3033 suo
976 2987 1095 3049 paterent
1111 2977 1199 3042 maeri

88 3049 163 3121 prins
181 3049 215 3102 ab
232 3065 278 3116 eo,
304 3049 367 3102 tidei
383 3048 535 3120 pignoribus
559 3049 671 3112 idoneis,
694 3049 759 3103 nibil
775 3051 824 3104 sibi
841 3049 927 3102 damni
944 3066 977 3102 ex
994 3049 1044 3102 boc
1061 3048 1096 3100 ad
1113 3047 1198 3116 ipsum

86 3119 414 3256 mttttftlt'tt
430 3118 673 3258 diffidi&
694 3116 1199 3257 tttttlt‘lttttlttlttll

88 3255 226 3310 insubrum
252 3255 351 3310 Cbslen
373 3273 389 3310 a
409 3259 446 3309 'tu
468 3267 594 3327 exceptus
617 3258 671 3311 illic
687 3263 729 3311 eat
745 3274 778 3310 aa
794 3208 970 3312 benevolentia
983 3256 1096 3321 civium,
1121 3263 1152 3308 ut
1168 3271 1199 3308 sa

87 3332 174 3379 tutum
200 3326 256 3378 loco
278 3325 375 3380 talida
400 3331 504 3380 caetero
527 3331 648 3396 putaret,
671 3327 741 3382 iorte
767 3335 828 3382 tuuc
852 3325 1076 3394 Constantinopoli
1100 3323 1199 3394 reperti

89 3394 253 3448 citiensium
272 3394 374 3464 qnidam
392 3413 442 3448 aon
458 3395 607 3450 dubitarunt
624 3395 773 3465 imperatori
791 3396 961 3467 promittere,
983 3395 1045 3450 lreti
1062 3392 1199 3462 cogitatio-

88 3463 166 3518 nibus
183 3471 211 3516 et
227 3464 355 3518 clientelis
370 3467 440 3530 suis,
464 3483 523 3520 aeae
542 3465 601 3519 dolo
618 3467 826 3535 eomprehensutn
850 3467 984 3532 fugitivum
1002 3465 1041 3518 bia
1058 3463 1198 3516 tradituros
1264 3519 1269 3529 ,

88 3551 156 3605 quos
172 3533 229 3602 ipse
245 3534 279 3586 ed
296 3551 355 3588 enm
370 3535 551 3588 retrahendum
568 3535 690 3588 mitteret
725 3541 753 3590 et
776 3536 930 3604 praestitere
948 3535 1019 3604 quod
1035 3538 1199 3601 receperant.

89 3619 148 3656 caru
164 3601 197 3655 iis
214 3603 280 3656 enirn
297 3603 332 3657 ad
348 3604 400 3656 boc
414 3603 454 3656 ire
491 3604 576 3658 uidam
601 3605 687 3658 iussus
710 3605 868 3675 spalatinis
891 3601 1031 3665 eunuchis,
1057 3603 1101 3654 ubi
1124 3598 1199 3656 navit
1275 3607 1277 3610 ’

88 3671 190 3725 Cbelen
215 3672 329 3741 appulit,
351 3672 410 3742 ipse
432 3623 534 3743 quidem
550 3674 600 3728 sub
617 3673 735 3728 tabulato
752 3675 871 3739 delituit,
899 3674 1038 3728 Cbelensea
1058 3679 1143 3724 summ
1159 3669 1201 3722 in·

88 3741 173 3810 gressi
190 3741 223 3794 ad
242 3759 303 3795 suos
318 3743 388 3796 iutra
405 3743 583 3808 marritionem,
608 3743 847 3814 communicatoque
869 3743 934 3796 clam
958 3740 1047 3795 amicis
1064 3748 1092 3793 et
1108 3753 1201 3792 necea·

89 3811 168 3864 san'is
194 3811 316 3876 oonsilio,
339 3813 380 3864 bie
396 3813 564 3880 probantibus
582 3819 609 3866 et
625 3830 673 3883 pro
691 3813 759 3866 virili
781 3813 873 3866 iuuare
890 3810 1030 3883 promptis,
1058 3810 1106 3864 sub
1124 3806 1204 3862 meri·

88 3879 158 3932 diem
183 3881 254 3933 laeta
279 3898 356 3935 mann
383 3881 504 3935 Cassiani
533 3882 701 3936 diversorium
731 3885 830 3952 patuut.
863 3881 1046 3952 acquiescebat
1070 3877 1115 3932 ille
1142 3881 1202 3945 post

88 3948 239 4018 prandium,
257 3949 319 4004 nibil
336 3950 417 4004 minus
434 3967 511 4021 quarn
547 3952 597 4005 uod
614 3953 757 4022 parabatur
773 3961 903 4016 metuensq
925 3949 1101 4016 satellitesque
1118 3945 1201 4014 ipsius

87 4035 122 4071 uo
146 4019 269 4072 custodes
291 4020 407 4090 corporis
430 4021 503 4074 varie
527 3971 640 4092 dispersi
672 4031 761 4087 eram,
793 4031 871 4090 prout
901 4036 944 4073 res
969 4022 1016 4072 aut
1038 4015 1203 4096 remissionqs

88 4104 218 4158 quemque
241 4097 367 4143 vocarant
386 4107 458 4143 auae.
494 4107 557 4158 ergo
574 4089 701 4144 coniurati
718 4091 869 4146 Cassianum
887 4087 963 4142 laeile
980 4091 1127 4155 correptum
1144 4083 1203 4166 ailr-

89 4165 169 4224 gam,
195 4158 388 4229 coniectumque
403 4160 431 4212 in
450 4177 540 4214 narem
557 4161 657 4214 reuersi
680 4160 808 4212 curriculo
825 4160 852 4212 io
869 4159 959 4212 urbem
975 4154 1128 4226 imperatori
1145 4171 1203 4207 mn·

90 4235 159 4278 ctum
182 4227 299 4281 tradunt.
333 4246 410 4298 porro
427 4232 559 4298 λιτριαῖον
582 4231 651 4284 nullo
668 4245 726 4282 cum
743 4229 866 4298 dignatus
889 4227 970 4282 verbo
987 4226 1014 4278 in
1032 4224 1141 4280 eundem
1158 4221 1202 4275 ubi

91 4295 233 4354 (munitae
250 4297 423 4354 detinebatur
433 4299 562 4374 cunipegit
579 4315 721 4364 carcerem,
737 4297 874 4355 oemsioue
890 4298 930 4352 aio
946 4295 1040 4366 uendi
1056 4311 1090 4350 ex
1106 4311 1137 4350 eo
1154 4292 1204 4352 du·
