3188 4784
474 287 553 358 LIB.¹
566 287 627 358 HL
662 289 1032 361 (tmouotoutcus.
1231 295 1306 368 811

201 453 371 536 gelensium
389 453 495 532 mbos,
527 464 593 518 tate
613 473 686 516 cure
706 455 829 537 imperii
845 456 885 518 ed
900 457 1027 520 Batuum
1039 476 1058 520 e
1072 459 1169 540 stirps
1181 458 1308 538 Girgir-

201 540 304 602 ohanie
317 549 394 602 natu
405 542 571 604 mensuum
584 541 726 604 devoluta
739 550 794 604 eet.
834 541 861 602 is
876 562 932 624 par
942 543 1147 623 interregnum
1162 544 1308 623 regimine

200 627 234 686 in
248 645 356 686 crenus
368 636 491 709 sumpto
508 626 599 688 debat
614 647 735 708 operans
754 629 968 708 congregandis
988 629 1125 690 demere
1140 630 1237 708 gantis
1252 652 1308 691 co-

200 711 313 788 mitiis;
337 731 475 792 quaeres
490 712 529 773 ob
543 712 876 788 &succumbentem
896 713 1128 794 principumque
1147 734 1182 776 ec
1196 715 1309 780 ducens

200 798 415 877 occupeticnes
431 798 465 858 in
485 798 672 880 provinciis,
700 797 853 878 longiores
874 819 957 878 nunc
978 799 1068 860 solito
1082 819 1181 862 mores
1193 799 1307 862 hebuit.

199 881 233 942 in
246 881 331 944 hunc
348 883 484 944 eumdem
499 904 610 944 ennnm
625 894 707 944 recte
725 903 760 944 ec
773 893 971 946 consentanee
980 883 1165 946 nostratibus
1176 884 1308 946 chrono-

199 967 277 1047 logis
295 969 413 1030 conlui
429 967 672 1050 Abnlphsraglus
684 969 817 1052 priorem
833 969 866 1030 in
883 969 1001 1050 Syriam
1023 979 1053 1030 et
1066 971 1236 1051 Aegyptum
1252 991 1310 1034 ex·

200 1052 385 1134 peditionem
401 1055 503 1115 Sancti
514 1055 675 1131 Ludosim,
694 1074 793 1135 ¹quen
811 1075 887 1115 sono
903 1055 988 1117 vocis
1007 1055 1086 1116 lema
1098 1055 1208 1116 ieetete
1221 1055 1255 1117 iu
1269 1057 1308 1116 li.

200 1147 282 1198 teras
296 1139 440 1200 &abices
455 1139 595 1200 coniecto
608 1138 784 1221 liedefrans
794 1140 938 1222 sppellst,
960 1140 996 1200 ele
1011 1138 1070 1200 lroe
1081 1141 1175 1203 refert
1188 1151 1308 1222 ceptam

201 1221 388 1304 llemistem3
409 1235 473 1286 tnm
498 1235 615 1287 metere
636 1225 674 1288 de
692 1225 747 1287 illo
773 1226 877 1287 eadam
894 1227 986 1308 plene
1000 1225 1128 1307 per-ique
1140 1225 1248 1288 ordine
1267 1245 1304 1286 eo

200 1309 299 1370 nostri
312 1311 469 1390 exequitur
480 1309 628 1374 historici.
670 1331 747 1393 quae
769 1311 888 1389 obiter,
910 1312 949 1372 ed
969 1311 1119 1392 specimen
1134 1310 1306 1372 varecitetis

200 1391 466 1472 leuiorem-orici,
487 1397 564 1455 tenti
583 1395 644 1456 luit
662 1395 819 1461 indiceess.
862 1417 942 1458 anno
959 1395 1069 1458 dehinc
1089 1397 1215 1475 liegiree
1230 1397 1305 1472 648,

200 1479 288 1540 onius
303 1481 450 1542 kalendae
461 1480 646 1542 Muharremi
664 1500 681 1541 e
696 1482 746 1543 die
761 1480 875 1564 Aprilis
887 1482 991 1563 quinto
1002 1483 1171 1563 procedunt
1182 1483 1214 1542 iu
1226 1501 1305 1541 enno

200 1584 287 1625 earne
309 1567 444 1646 rnlgeris
474 1566 661 1628 Christianos
685 1568 778 1642 1250,
805 1567 927 1628 evoluto
945 1567 1005 1626 iem
1026 1567 1146 1628 biennio
1168 1587 1188 1626 e
1207 1575 1306 1628 marta

200 1649 463 1730 Cayco-Charis,
484 1673 610 1714 cernone
629 1653 743 1713 listune
768 1654 881 1714 frustra
896 1673 927 1713 se
945 1651 1091 1713 hectnna
1105 1653 1255 1714 laborasse
1270 1651 1305 1712 iu

198 1737 384 1798 recensendis
398 1759 415 1798 s
428 1740 592 1818 longinquo
607 1738 807 1818 regendisque
820 1737 854 1797 iu
866 1738 998 1816 legitime
1012 1737 1133 1799 comitia
1147 1738 1305 1816 Meguleu·

198 1820 279 1880 sium
294 1823 483 1904 principibus
491 1865 502 1900 ,
523 1823 561 1884 de
576 1821 703 1882 consilio
716 1821 937 1904 prementium,
958 1832 989 1884 et
1002 1843 1124 1884 meeum
1139 1823 1307 1884 absentium

198 1925 255 1987 per
267 1907 374 1968 missos
389 1919 418 1968 et
433 1908 535 1968 literas
548 1907 718 1983 declarato,
738 1907 941 1968 Munkekeum
955 1929 972 1968 e
985 1907 1198 1987 Gingischnnis
1210 1907 1306 1988 stirpe

199 1992 448 2070 magnis'dotibns
460 1993 606 2072 insignem
619 1991 677 2052 rite
692 1994 904 2073 imperatorem
915 1993 1100 2070 declaravit,
1121 1993 1264 2052 ediuucto
1276 1991 1305 2052 ei

198 2077 312 2139 hunis
325 2078 427 2140 titulo.
467 2099 567 2157 neque
586 2078 637 2138 hio
654 2087 755 2138 temen
769 2077 854 2158 prius
868 2098 955 2156 quem
969 2097 1064 2140 verno
1080 2086 1218 2158 tempore
1231 2075 1306 2136 anni

196 2163 370 2242 sequentis,
391 2162 518 2242 Hegirse
532 2163 605 2238 649,
617 2163 650 2222 in
662 2163 738 2223 solio
746 2162 934 2224 solemnibus
951 2161 1127 2223 cerunoniia
1139 2163 1307 2226 collocetur

197 2255 255 2307 est.
295 2247 410 2330 incepit
428 2250 455 2310 is
473 2269 570 2308 onnus
590 2249 738 2311 Arabicus
760 2270 778 2307 a
798 2248 848 2309 dis
871 2251 915 2314 26
927 2247 1034 2309 'Martii
1052 2246 1164 2308 Iulieui
1179 2246 1212 2308 in
1225 2265 1306 2306 anno

197 2331 315 2393 Christi
327 2334 421 2400 1261.
462 2334 544 2396 nude
559 2333 752 2412 intelligimur
766 2333 900 2412 enapioie
915 2332 1034 2415 imperii
1047 2333 1212 2394 Moukakai
1226 2333 1307 2392 Kse-

197 2416 262 2494 nie,
283 2419 345 2480 diei
366 2439 449 2479 nono
472 2420 582 2480 Rabies
598 2419 728 2501 prioris,
755 2429 792 2480 ut
806 2418 918 2480 diserte
936 2419 1042 2480 asserit
1055 2417 1308 2498 Abulpheragius,

198 2503 306 2581 sffixe,
328 2514 434 2566 erecte
445 2504 608 2586 procedere
620 2525 638 2564 e
650 2504 788 2565 kelendis
799 2504 881 2564 Iunii
893 2504 1003 2564 Iuliani
1016 2524 1096 2564 anno
1112 2503 1225 2564 Christi
1241 2523 1306 2566 tne-

198 2599 316 2650 morato
333 2591 428 2658 1251.
470 2590 592 2651 ridetur
607 2590 660 2650 hio
682 2591 869 2651 Mnnkekeus
887 2591 971 2652 Kesn
987 2588 1120 2669 aliquid,
1146 2589 1229 2670 qnod
1246 2588 1307 2649 olr-

199 2693 320 2735 sarvera
338 2685 443 2736 nostre
463 2676 606 2746 interest,
634 2675 752 2756 primus
771 2677 931 2736 innovesse
957 2677 991 2736 in
1012 2675 1157 2753 regimine
1175 2673 1305 2754 imperii.

199 2760 327 2820 adscivit
340 2760 420 2821 enim
435 2760 493 2822 sibi
504 2760 601 2821 veluti
611 2761 739 2840 collegse
751 2779 767 2820 e
780 2762 842 2822 suis
852 2761 996 2822 fratribus
1010 2769 1125 2840 septem
1139 2759 1216 2818 duos
1231 2767 1307 2818 netu

198 2847 346 2906 maximoe
361 2846 462 2906 Kobla
476 2857 506 2906 et
516 2847 664 2923 Heluam
687 2867 816 2926 quorum
832 2845 965 2928 priorem
987 2847 1021 2905 in
1036 2846 1158 2906 ultimos
1172 2843 1304 2904 Orientis

197 2929 289 3003 lines,
311 2931 465 2992 (lethalem
480 2932 621 2992 videlicet
633 2942 663 2993 et
676 2933 815 2992 Sirenses
827 2931 998 3011 provincias
1009 2929 1091 2990 misit
1107 2929 1220 2996 tuendo
1239 2927 1306 2988 illic
1411 2927 1446 2972 “93³

160 3045 162 3048 ·
198 3015 382 3093 Meguleneis
399 3017 520 3097 imperii
536 3017 646 3095 limiti,
665 3017 794 3078 eltercm
809 3017 940 3078 Holacu
951 3015 1142 3078 moderandis
1157 3013 1304 3075 Occiduis

198 3100 344 3162 menone
362 3101 482 3182 imperii
494 3102 637 3180 eiusdem,
660 3101 720 3163 hoc
731 3112 777 3165 eet
788 3102 961 3183 regionibus
976 3101 1106 3162 Persidis
1120 3099 1304 3180 Babylonios

200 3193 232 3244 et
245 3185 310 3246 eliis
323 3188 455 3247 llomano
470 3187 598 3268 imperio
619 3188 806 3265 confinibus,
829 3187 974 3269 praefecit
990 3207 1129 3266 supreme
1144 3195 1303 3266 potestate,

199 3289 291 3349 qnam
300 3271 402 3331 multia
416 3272 502 3333 suuis
517 3274 582 3332 illic
593 3274 745 3350 'exercuit3
765 3273 877 3333 under
896 3271 1078 3353 Pechymere
1092 3271 1153 3332 vol.
1167 3271 1180 3331 1
1194 3293 1225 3351 p.
1240 3271 1303 3337 174

198 3359 272 3422 v.6
295 3360 422 3420 Xolooai
452 3359 575 3418 oleatae
596 3358 687 3439 (nam
710 3359 752 3418 ito
775 3359 909 3418 Hulaou
934 3357 1113 3419 vocabulum
1134 3353 1303 3435 deformet)

198 3438 302 3521 ἅρχων
321 3437 463 3524 lbzdpus
481 3447 626 3524 princepe
654 3445 860 3504 Tocharorum
884 3443 1019 3505 absolute
1034 3442 1158 3514 dicitnr3
1180 3440 1305 3519 etopud

198 3526 454 3608 slbulpharagium
472 3549 504 3608 p.
525 3534 587 3594 837
609 3529 774 3590 consiliarii
799 3528 941 3612 caliphae
965 3527 1114 3608 Begdedi,
1142 3525 1180 3585 de
1210 3525 1302 3587 modo

196 3612 358 3674 resistendi
383 3613 477 3696 copiis
496 3614 668 3692 ingentibus
687 3635 762 3695 quse
783 3617 914 3676 Heleon
926 3613 1077 3676 ductabat
1096 3611 1304 3710 deliberantes,

195 3715 388 3845 tltltl
399 3698 1306 3866 tti‘ltt’tlpllllnlllltlltlllllfl:

197 3877 265 3929 ctus
281 3870 465 3951 experientis
484 3891 574 3950 qnam
584 3871 661 3932 esset
674 3871 799 3932 difficile
811 3882 860 3932 tos
873 3883 935 3931 taus
949 3871 1010 3930 late
1026 3876 1163 3949 patentes
1174 3868 1306 3950 provin-

107 4031 111 4038 ν
198 3953 260 4013 cies
280 3975 373 4016 unum
390 3975 504 4034 regere.
548 3977 630 4016 anno
654 3958 768 4039 quippe
789 3956 924 4018 secundo
943 3956 990 4015 sui
1009 3953 1149 4034 imperii,
1177 3953 1304 4032 llegirse

197 4041 273 4114 650,
293 4042 379 4102 cuius
393 4041 539 4102 kalendae
553 4043 738 4104 Mobsi-remi
750 4050 964 4122 processerunt
979 4060 995 4099 e
1009 4039 1059 4100 die
1076 4041 1117 4106 14
1130 4039 1230 4099 Martii
1248 4039 1304 4098 ln-

197 4123 272 4183 lioni
286 4125 320 4184 in
337 4147 416 4188 anno
436 4125 549 4188 Christi
564 4131 656 4200 1262,
674 4129 700 4187 ie
715 4128 769 4189 vix
783 4130 884 4188 mirus
904 4126 1049 4206 effugerat
1062 4124 1302 4186 coniurotionem

193 4207 407 4272 edvereum-se
418 4213 548 4274 validsnr
569 4214 743 4295 principum
762 4233 832 4273 sune
850 4213 961 4292 gantis,
991 4219 1161 4292 postquem
1174 4231 1302 4291 oppress·

195 4311 262 4352 sam
275 4295 375 4356 stetim
384 4297 478 4359 relert
490 4298 734 4381 Abulpleeregius
747 4299 913 4360 destinatos
929 4297 967 4358 ab
978 4317 1014 4360 eo
1028 4297 1159 4358 Kodlom
1175 4298 1304 4358 fratrum
