3188 4784
425 275 503 346 LlB.
528 275 586 348 111.
640 273 1008 347 CHRONOLOGIGUS.
1165 281 1169 286 ’
1202 275 1276 348 865

188 437 246 532 gg}
274 433 398 531 ,32¹³ssss
420 435 544 530 lmffll*
576 441 756 515 Primatum,
777 440 839 501 aive
853 439 949 520 pridie
966 438 1116 516 cinctuti,
1130 440 1210 520 quod
1224 443 1276 504 illo

287 537 379 582 nucum.
578 548 657 586 anno
668 525 780 586 Pascha
792 525 920 586 habente
932 531 973 593 26
982 527 1080 586 Martii
1094 529 1215 586 omnino
1230 529 1277 588 in.

275 585 399 682 cteapana
420 585 538 633 ”imm
577 613 650 672 cidit
663 612 696 672 in
710 617 749 678 19
762 611 893 670 eiusdem
907 612 1024 688 mensis,
1047 631 1082 674 ae
1092 631 1276 690 consequen-

175 701 255 764 1807
336 699 356 760 8
459 697 500 760 25
576 707 622 758 ter
635 695 813 776 praecedens
825 698 980 756 sabbatum
993 695 1277 761 19llartiidiemin-

425 769 537 894 ”iffi
576 783 662 856 sedit,
683 783 862 841 Rontaerius
877 781 1007 842 Caesaris
1020 782 1145 860 insignia
1158 784 1196 842 ab
1211 783 1276 843 An-

576 865 700 928 dronico
717 867 897 948 imperatore
914 867 952 925 ad
966 885 997 925 ae
1009 869 1112 942 missa,
1134 889 1202 928 cum
1215 871 1274 928 tri-

574 954 631 1012 bus
645 961 676 1012 et
688 952 809 1030 triginta
825 972 1014 1012 nummorum
1028 973 1188 1013 aureorum
1202 953 1272 1016 mil·
1289 961 1311 1016 Ρ
1329 963 1381 1021 cet

514 1099 516 1104 ,
574 1037 661 1113 libus,
681 1037 851 1096 solemniter
863 1037 973 1100 induit.
1015 1037 1035 1098 l.
1052 1042 1072 1103 6
1087 1059 1113 1096 c.
1128 1044 1179 1104 22.

617 1122 794 1182 Rontzerius
807 1122 865 1182 iam
884 1123 1070 1184 Caesareum
1088 1121 1147 1187 150
1162 1121 1275 1184 lectiae

575 1228 698 1266 suorum
717 1226 842 1266 numero
857 1206 1082 1286 Adrianopolins
1097 1227 1127 1265 se
1147 1209 1273 1285 confert,

574 1293 760 1352 salutaturus
775 1293 835 1351 illic
854 1291 1024 1352 Michaelem
1043 1293 1190 1352 iuniorem
1206 1294 1274 1354 Au-

573 1386 713 1457 gustum,
734 1397 752 1436 a
771 1397 831 1456 quo
845 1377 998 1458 magnifice
1016 1377 1173 1458 excipitur.
1215 1379 1238 1444 1.
1253 1383 1274 1445 6

574 1481 600 1524 c.
620 1468 673 1527 23.

613 1545 793 1607 Rontzcrius
808 1547 915 1607 Caesar
930 1545 967 1605 ab
981 1545 1080 1606 Alanis
1094 1547 1274 1609 inteslicitur

573 1630 766 1712 Adrianopoli
787 1632 819 1690 in
840 1633 905 1710 ipso
928 1632 1014 1692 aditu
1028 1632 1155 1692 cubiculi
1170 1632 1273 1712 Augu·-

572 1727 652 1793 stae,
670 1718 710 1776 ad
730 1737 821 1796 quam
838 1717 1028 1778 salutandam
1048 1718 1273 1781 admittebatur.

571 1802 670 1876 lec.
684 1800 734 1868 24.

614 1886 684 1946 Eius
709 1886 831 1945 comites
850 1883 882 1944 in
907 1885 1073 1946 custodiam
1099 1894 1175 1946 tunc
1200 1885 1273 1964 dati,

487 2025 488 2028 ,
572 1980 674 2050 postea
689 1972 757 2050 suga
771 1969 897 2030 evadere
910 1980 1061 2048 conantes,
1083 1970 1201 2046 obsessi,
1214 1993 1274 2052 op-

571 2055 712 2137 pugnati,
733 2056 799 2136 igne
822 2055 970 2138 absumpti
986 2065 1066 2115 sunt.
1110 2055 1129 2114 l.
1147 2061 1166 2120 6
1183 2077 1208 2114 c.
1224 2063 1273 2122 38.

615 2140 747 2200 Catelani
775 2139 931 2218 callipoli,
961 2141 1013 2200 ubi
1041 2140 1272 2200 dominabantur

571 2225 714 2284 Romanis
737 2223 778 2284 ibi
800 2225 962 2285 crudeliter
985 2225 1163 2298 intersectis,
1191 2226 1273 2284 obsi-

573 2310 683 2382 dentur
699 2310 735 2368 ab
751 2311 885 2370 exercitu
900 2311 1051 2386 Romano,
1076 2310 1151 2368 duce
1165 2331 1271 2389 magno

571 2395 754 2475 primicerio:
783 2396 835 2454 sed
859 2396 1028 2467 obsidione,
1049 2395 1156 2454 frande
1176 2397 1273 2476 impe-

571 2479 657 2540 tratis
680 2479 821 2558 indutiis,
842 2479 943 2540 laxata
964 2500 1062 2540 arcem
1080 2481 1161 2540 illam
1186 2501 1271 2542 com-

570 2565 724 2642 meatibus,
736 2573 767 2624 et
776 2567 931 2644 praesidiis
945 2569 1095 2628 muniunt.
1136 2575 1201 2626 tum
1215 2588 1272 2628 au-

569 2651 611 2710 cti
639 2651 730 2730 copiis
763 2651 896 2729 regiones
921 2651 1070 2712 Romanas
1103 2651 1271 2719 incursant.

567 2737 742 2796 Perinthum
755 2735 802 2796 die
815 2741 857 2802 28
870 2737 939 2796 Maii
954 2739 984 2798 vi
1000 2737 1131 2815 capiunt,
1147 2738 1272 2816 puberi-
1350 2769 1363 2792 .

567 2821 623 2880 bus
638 2821 677 2880 ibi
693 2822 816 2901 repertis
834 2823 946 2882 occisis.
982 2821 1129 2881 standena
1145 2822 1193 2881 dia
1205 2831 1271 2882 tra-

567 2907 644 2966 iecto
663 2909 740 2968 freto
757 2903 853 2984 ignem
874 2909 961 2966 tectis
979 2907 1099 2966 rusticis
1120 2926 1174 2985 per
1188 2928 1271 2968 mm·

546 3059 547 3062 Ἴ
567 3013 622 3071 pos
634 2993 780 3065 iniicinnt,
797 2991 900 3050 obvios
914 3010 1031 3070 qnoque
1045 2991 1270 3068 obtruncantes,

568 3087 598 3136 et
613 3085 761 3136 terrorem
778 3076 861 3134 urbis
876 3077 969 3155 ipsius
989 3077 1084 3156 portis
1098 3075 1270 3155 admovent,

568 3162 799 3240 confugientium
824 3161 857 3220 in
885 3171 987 3222 tutum
1007 3161 1065 3222 vix
1086 3164 1269 3242 capientibus

566 3245 688 3306 turbam
702 3247 721 3304 l.
736 3249 756 3310 6
770 3265 794 3303 c.
808 3249 860 3311 25.

610 3331 770 3390 Cuiusdam
808 3329 940 3392 catalani
979 3327 1017 3390 ad
1057 3329 1270 3411 imperatorem

566 3416 752 3494 transfugae,
777 3433 864 3492 quem
881 3417 906 3476 la
924 3415 1084 3476 Amiralem
1105 3424 1269 3492 creaverat,

567 3499 699 3580 proditio
715 3501 872 3576 detegitur.
913 3501 933 3560 l.
948 3504 967 3568 5
983 3521 1007 3561 c
1024 3503 1077 3568 26.

609 3586 682 3645 Inde
696 3583 841 3644 seditione
859 3585 890 3645 in
910 3584 985 3646 urba
1002 3585 1165 3654 concitata,
1185 3582 1269 3664 plebs

566 3671 806 3748 quaerendorum
849 3672 1059 3732 catelanornm
1111 3668 1267 3728 latentium

565 3766 726 3836 praetextu
742 3753 828 3816 aedes
850 3757 960 3817 civium
981 3751 1083 3833 diripit
1101 3762 1131 3812 et
1147 3753 1268 3814 inflam-

565 3851 637 3902 mat.
673 3841 745 3902 ibid.

608 3927 717 4002 Frerii,
739 3927 798 3986 hoc
817 3932 862 3984 est
881 3921 1020 3982 monachi
1039 3917 1153 3997 Latini,
1177 3916 1267 3983 domo

472 4109 473 4114 ’
565 4105 613 4157 tra
626 4099 732 4159 urbem
748 4095 912 4174 habebunt,
934 4112 988 4174 per
1000 4089 1196 4152 Athanasium
1211 4113 1268 4172 pa-

565 4183 729 4244 triarcham
759 4179 962 4259 expelluntur.
1010 4176 1157 4238 exarchus
1185 4179 1269 4237 Pisa-
1334 4185 1344 4206 ’“·

484 4313 487 4318 .
565 4287 631 4345 nus,
652 4270 705 4349 qui
717 4268 744 4328 ei
756 4265 924 4329 executioni
936 4263 1115 4345 praefuerat,
1130 4281 1184 4344 per
1196 4264 1271 4325 sub·

210 4354 340 4428 Georgius
364 4355 534 4428 Pocbpmms
555 4357 593 4411 ΙΙ.
1021 4347 1064 4416 65

536 4026 542 4344 ¹
566 4014 737 4093 attempta,
759 4029 835 4090 quae
849 4027 995 4068 consensu
1007 4006 1194 4086 imperatoria
1216 4008 1267 4066 in-
