2888 4884
244 257 248 266 ’
316 231 1139 368 uusnunonrcoumiaouocon.1m⁶
1192 279 1264 355 361
1342 287 1343 290 ‘
1392 295 1398 310 ·

163 471 230 531 λευε
249 463 390 549 γίνεσθαι
412 459 492 526 sorti
514 458 571 544 τὴν
594 464 651 526 τοῦ
670 451 808 534 εἰπόντος
827 455 1043 543 παραγγελόαν.
1097 453 1190 540 sdlsoi
1203 455 1264 544 γάρ

162 566 350 654 προοδταττε
360 569 442 648 γθεοῦ
455 561 594 644 δέεσθαι,
618 559 794 644 καλάλλους
807 562 849 636 εἲς
863 567 956 626 τοῦτο
969 565 1158 644 παρακαλεῖν
1171 561 1263 627 erila-
1282 569 1304 625 Ε

162 677 229 756 βεῖς
245 667 384 752 ἀνδρας,
412 666 506 745 duone
527 665 565 748 ἀγ
583 669 633 733 καλ
655 660 803 749 συνήθεις
815 663 957 748 ελδεόην.”
1008 661 1196 748 δόχετοιτδν
1210 660 1264 732 λό-

162 799 217 861 γον
230 772 372 856 ἀσμένως
385 767 401 838 δ
416 767 573 855 βασιλεός.
625 772 676 835 καλ
689 765 705 834 ὁ
720 768 777 852 μὲν
788 766 1030 857 μοναχάςιεῑπῶν
1042 763 1265 852 ἀπηλλάττετο,

139 877 308 962 δβααιλεδς
324 875 357 942 δ’
374 877 417 951 εἰς
432 880 506 941 νοῦν
521 871 663 960 στρόφων
678 871 713 937 τό
730 870 894 970 ἀγγελάδν,
921 874 971 935 καλ
984 872 1051 958 περὶ
1070 877 1132 937 τῶν
1148 885 1266 957 φρικω-

164 985 227 1052 δῶν
240 979 373 1046 ἀπειλῶν
395 984 452 1044 τοῦ
476 984 553 1043 θεοῦ
566 972 775 1058 δννοοάμενος
792 965 835 1040 ῶν
855 973 1012 1062 ῥωσθῆναι
1027 974 1106 1040 κατά
1119 974 1155 1040 τό
1171 971 1267 1058 σόνη-

163 1089 221 1161 θις
240 1079 383 1170 λόγοντας
398 1081 603 1168 προσέταττεν
623 1077 639 1146 ό
658 1079 749 1146 eineis
765 1083 843 1145 θεοῦ
870 1078 1017 1158 δίεσθαι,
1044 1077 1134 1162 λιμδν
1147 1077 1267 1160 priverni

164 1186 272 1270 λοιμδν
290 1181 332 1262 ῶς
348 1185 381 1251 δν
392 1182 496 1274 χρόνῳ
512 1186 562 1249 καλ
577 1183 629 1248 tat
642 1187 765 1300 μακροῦ
783 1183 1009 1263 ξυμβαίνοντος
1025 1187 1083 1266 τῆς
1101 1181 1267 1268 φροντίδος

164 1290 251 1378 ἐξῇρε
266 1289 360 1378 (μηδὲ
378 1287 437 1374 γάρ
458 1290 490 1354 ἓν
507 1289 606 1374 τριαλν
626 1283 755 1372 ἡμέραις
769 1283 864 1351 ταῦτ’
886 1287 1039 1369 ἐνσκῆψαι
1052 1280 1103 1350 oiri
1114 1283 1150 1349 τ’
1165 1279 1264 1371 εἶναι),
1283 1303 1306 1357 Ρ
1323 1301 1373 1360 243

122 1399 292 1476 λοσειαμοῦ
314 1393 348 1458 dd
368 1393 419 1458 καλ
436 1395 688 1473 κατοποντιομοῧ
708 1383 937 1472 ἀναλαμβάνων
954 1387 1074 1453 ἔννοιαν
1086 1387 1129 1453 δι’
1151 1387 1268 1464 δννοόας

166 1493 224 1581 εἶχε
244 1495 299 1561 τάν
314 1491 428 1581 λόγον·
466 1490 625 1588 intrinseca
647 1494 682 1559 δὲ
700 1495 752 1557 καλ
765 1491 801 1558 τό
818 1497 874 1558 τοῦ
887 1497 1028 1576 μοναχοῦ
1041 1486 1187 1576 μήνυμα,
1209 1490 1267 1575 τὴν

164 1604 222 1665 τοῦ
237 1605 345 1683 καιροῦ
365 1595 547 1682 αἰτιωμδνου
566 1591 788 1683 παραδραμόν,
818 1591 860 1672 ῶς
880 1596 961 1679 μηδὲ
976 1592 1042 1661 οἶόν
1056 1593 1091 1660 τ’
1108 1595 1266 1677 ἐσομένου,

165 1698 207 1779 ῶς
225 1701 342 1786 ἴλεγεν,
366 1701 510 1767 iussitire
532 1697 645 1766 ἀνόοαι
654 1750 665 1781 ,
698 1695 743 1784 μή
767 1723 833 1774 πως
856 1701 969 1775 ἐκεῖνος
983 1694 1072 1774 ελδῶς
1086 1723 1116 1763 τι
1131 1705 1193 1764 τῶν
1208 1696 1268 1782 ἤδη

163 1803 372 1890 γενησομένων
387 1804 478 1890 ἴλιγε.
531 1806 583 1869 καλ
596 1809 697 1868 ταῦτα
711 1803 768 1884 μδν
781 1799 945 1886 βασιλεός·
973 1798 1116 1884 δβοόλετο
1143 1800 1196 1882 δ’,
1221 1798 1269 1867 oi-

124 1928 240 1992 ιᾶμοι,
269 1905 285 1975 ό
309 1903 401 1993 λόγος
421 1909 472 1972 καλ
493 1905 570 1972 ἀλλο
592 1932 621 1973 τι
642 1908 775 1990 δηλοῦν,
809 1905 846 1972 τό
863 1904 944 1971 κατά
957 1904 1064 1991 καιρόν
1077 1905 1198 1990 δηλαδη
1212 1903 1270 1981 τάς

164 2010 340 2088 ἀποστολὰς
356 2014 397 2086 sic
412 2009 468 2087 τάς
480 2008 578 2093 μονάς
591 2011 748 2094 γίνεσθαι,
774 2010 825 2073 καλ
839 2008 882 2092 μὴ
907 2006 1041 2096 δξῶροος
1056 2009 1088 2083 ἐς
1109 2005 1193 2074 linos
1208 2007 1268 2090 ἀψὲ
1284 2019 1307 2073 Β

164 2121 227 2180 τῶν
247 2119 367 2180 νυκτῶν
389 2120 451 2179 τῶν
476 2109 659 2179 ἀποστόλων
681 2111 901 2200 ἐφισταμένων.
953 2101 1030 2188 alors
1045 2108 1080 2176 δ’
1095 2107 1179 2194 όμως
1193 2107 1268 2175 ἀπδ-

166 2219 243 2298 κνιζε
254 2217 310 2284 τόν
321 2221 495 2303 κρατοῦντα
511 2217 562 2280 καλ
583 2213 659 2280 ἀλλο
674 2239 704 2281 τι
716 2211 897 2302 βαθύτερον
908 2211 1122 2297 ἓννοοόμενον,
1150 2209 1192 2288 ῶς
1207 2211 1266 2278 αι’·-

161 2319 220 2396 οδς
234 2323 417 2407 δημηγορῶν
433 2319 563 2406 ὕστερον
583 2317 673 2404 ἔλεγε.
727 2321 777 2384 καλ
800 2325 845 2409 τῷ
865 2319 921 2401 μὲν
941 2317 1094 2405 λογοάδτῃ
1108 2311 1268 2402 προστάσ-

122 2432 211 2490 moer
225 2430 288 2490 τῶν
307 2429 432 2510 γενικῶν
453 2421 581 2506 πέμπειν
602 2423 651 2487 ἐπὶ
668 2423 767 2506 μονάς
782 2421 856 2501 τοάς
876 2423 1022 2512 δροῦντας
1035 2420 1091 2507 τὴν
1104 2425 1160 2489 τοῦ
1173 2427 1268 2505 βασι·
1325 2453 1327 2460 ’

231 2555 274 2608 12.
291 2551 379 2610 cion?
1261 2551 1264 2558 ’

161 2689 355 2762 praenuntiavit
371 2689 462 2743 maium
480 2690 611 2759 ingruens,
624 2688 799 2772 praescripsit.
833 2688 988 2774 nequidem
1005 2689 1125 2760 privatim
1142 2689 1197 2744 sine
1213 2695 1269 2744 sta·

159 2761 206 2814 tim
223 2760 293 2831 quod
310 2759 332 2811 is
349 2759 482 2830 praecepit
497 2761 598 2812 iacere:
624 2759 760 2829 imperarit
784 2759 849 2812 enim
873 2759 932 2812 mni
957 2767 987 2812 ut
1008 2777 1108 2814 orarem
1133 2759 1182 2813 iam
1208 2759 1269 2812 ilinc
1329 2793 1330 2806 ι

163 2829 239 2882 deum
259 2836 288 2881 et
307 2828 378 2891 alios,
396 2835 523 2898 quotquot
537 2844 636 2882 nossem
653 2828 678 2880 id
695 2830 782 2881 lacere
799 2828 916 2892 libenter,
953 2828 991 2880 'os
1007 2828 1076 2882 viros
1093 2829 1125 2881 ad
1142 2829 1169 2882 id
1185 2827 1268 2898 ipsum

163 2897 329 2952 inviuremss’
361 2897 465 2967 excepit
487 2887 554 2951 dunc
575 2913 715 2950 sermonem
739 2896 839 2967 placide
862 2904 890 2950 et
906 2845 978 2950 vni'iu
995 2893 1104 2965 benigno
1120 2897 1269 2966 imperator.

48 2989 55 3004 ·
164 2983 196 3022 sc
213 2969 350 3020 monachus
367 2967 469 3037 quidem
487 2968 542 3020 eius
560 2975 649 3020 auctor
666 2967 785 3020 continuo
803 2965 881 3020 abiit:
907 2965 1047 3035 imperator
1061 2967 1269 3020 menta'rersnns

183 3037 233 3088 uod
250 3037 375 3100 audierat,
394 3043 421 3089 et
437 3036 584 3106 singillatim
602 3041 724 3107 reputans
742 3035 823 3090 minas
838 3036 995 3104 intentatas,
1012 3036 1079 3088 circs
1097 3042 1194 3105 pestem
1212 3036 1270 3104 qui·

164 3053 223 3158 :iem
241 3122 272 3156 ae
290 3107 397 3171 iamenu,
421 3123 505 3176 quae,
529 3113 559 3159 ut
575 3112 637 3158 tnnc
655 3121 697 3158 res
713 3110 802 3168 erant,
826 3104 925 3158 nonnisi
948 3115 1008 3176 post
1032 3106 1141 3176 spatium
1166 3103 1271 3173 aliquod

165 3175 295 3256 temporis,
313 3174 413 3228 minime
429 3181 513 3228 arrtem
530 3179 578 3228 noc
594 3174 680 3230 triduo
697 3176 809 3230 existere
826 3191 901 3243 posse
918 3174 1074 3241 viderentur,
1085 3173 1271 3227 solicitudinem

163 3243 279 3306 remisit,
295 3250 382 3298 terrae
399 3252 483 3297 motum
499 3250 527 3297 et
542 3245 699 3310 submersio,
715 3261 783 3314 quae
801 3251 905 3314 possent
922 3246 1056 3298 confestim
1072 3245 1207 3313 ingruere,
1217 3245 1271 3298 'cu-

163 3327 219 3366 ram
235 3311 271 3365 llll
288 3331 373 3366 acrem
389 3312 507 3367 iniecere.
541 3317 655 3382 augebat
676 3315 834 3383 suspicacem
849 3321 942 3368 metum
968 3314 1126 3374 denuntiatio
1146 3314 1271 3379 monachi,

163 3381 224 3434 dnm
241 3387 294 3435 tam
309 3382 435 3435 instantor
450 3383 630 3452 increpaverat
646 3399 730 3437 moras
746 3383 936 3454 praesuntionis
952 3379 1114 3438 necessariae
1129 3384 1270 3438 avertendo

163 3453 247 3515 malo,
274 3459 402 3522 tamquam
425 3452 567 3506 imminenti
591 3453 722 3522 proxime,
749 3471 780 3506 ac
802 3454 894 3507 timere
911 3471 975 3522 prae
991 3471 1021 3506 se
1037 3455 1133 3506 tulerat
1149 3469 1182 3507 ne
1200 3453 1272 3506 nimis

163 3519 216 3572 lam
233 3537 292 3572 sero
309 3521 463 3591 supplicatio
485 3523 656 3576 inchoaretur.
690 3523 723 3576 oh
740 3521 807 3644 quod
830 3523 967 3576 solicitudo
984 3525 1126 3590 Augustum
1143 3523 1272 3592 inquieta-

163 3589 226 3656 bat,
243 3596 375 3642 verentem
398 3607 431 3642 ne
448 3592 517 3643 lorte
533 3592 613 3644 sciret
629 3592 726 3662 aliquid
742 3593 785 3645 ile
808 3593 952 3646 distinctius
968 3592 1001 3646 de
1017 3593 1129 3646 instante
1145 3598 1272 3644 momentu

164 3673 224 3710 mex
241 3660 387 3712 saeviturae
405 3660 500 3726 claun,
524 3661 591 3712 unde
615 3667 666 3714 tam
692 3661 769 3714 anxia
791 3661 956 3718 testinatione
978 3678 1035 3716 cum
1060 3663 1116 3731 ipae
1133 3659 1166 3714 ad
1183 3675 1273 3730 preces

164 3743 301 3780 recurrere
318 3737 480 3799 occupasset,
496 3735 549 3783 tum
567 3730 633 3782 idem
650 3730 685 3782 ab
703 3729 760 3783 aliis
772 3739 807 3796 ut
819 3731 876 3784 lieri
893 3731 995 3786 iuberet
1011 3733 1126 3802 Augusto
1142 3729 1272 3782 suasisset

164 3795 229 3848 telis
244 3813 274 3850 se
291 3798 403 3866 agitasse
420 3799 504 3852 animo
520 3801 652 3852 referebat
667 3800 822 3869 imperator,
847 3799 930 3865 aliud,
953 3801 1060 3871 opinor,
1075 3801 1181 3852 innuens
1197 3797 1273 3867 quip-

164 3863 249 3946 piam,
275 3883 366 3940 nempe
385 3868 494 3989 primum
519 3869 687 3940 propendisse
703 3885 733 3922 se
749 3869 781 3922 sd
799 3869 965 3924 differendam
989 3870 1015 3924 iu
1031 3875 1132 3938 tempus
1147 3873 1274 3936 oppurtu-

165 3951 225 3987 ntus
241 3951 317 4005 quam
333 3954 410 4008 quse
426 3943 488 3991 tunc
504 3945 571 4004 erat,
589 3939 671 3992 noctis
686 3937 864 4009 intempestae,
874 3940 1016 3996 missionem
1032 3941 1203 3993 ministrorum
1220 3936 1273 3988 oir-

163 4020 220 4058 cum
238 4006 393 4059 monasteria
416 4007 449 4059 ad
472 4024 563 4077 preces
584 4007 747 4076 indicendae,
771 4009 840 4080 quod
859 4009 1046 4064 subabsurdum
1067 4009 1201 4061 videretur
1224 4005 1272 4058 tali

163 4072 226 4126 hors
244 4089 305 4130 suos
321 4071 436 4148 aliosque
453 4075 604 4148 inquietare.
639 4078 672 4131 ad
689 4079 755 4131 hunc
772 4084 857 4134 tamen
873 4086 1018 4149 respectum
1034 4076 1184 4132 vlneeudnn
1200 4075 1272 4128 lllurs
1386 4133 1388 4138 ,

164 4139 275 4224 denique
294 4145 407 4215 perpulit
424 4163 485 4200 cura
506 4145 595 4200 intime
619 4147 742 4202 relliesns
766 4147 865 4213 endor,
892 4155 969 4219 prout
985 4148 1042 4218 ipse
1058 4153 1149 4218 postea
1166 4146 1192 4200 in
1209 4163 1272 4199 con·

164 4227 238 4263 enons
254 4211 329 4266 dixit.
353 4229 434 4284 quara
450 4215 597 4286 logothetae
612 4217 758 4286 geroicorum
776 4219 909 4274 confestim
927 4217 1054 4270 mandarit
1069 4215 1198 4269 destinare
1215 4216 1271 4269 sine

44 4324 46 4330 .
164 4293 236 4334 asora
253 4291 339 4340 certus
356 4286 390 4338 nd
407 4303 524 4358 quaeque
547 4286 622 4342 urbis
640 4286 808 4354 monasteria,
831 4287 875 4359 qui
896 4285 998 4358 vigilias
1019 4285 1115 4358 ubique
1132 4303 1164 4342 ec
1180 4301 1272 4358 preces
