2782 4792
395 289 540 370 -sms,
586 289 864 370 ocossmsurs
897 259 908 264 ψ’
1113 293 1190 374 aaa

80 469 205 528 eadere
221 457 336 526 σὰνσίσ
349 465 491 527 smtineri
507 463 553 528 stt
566 469 672 528 boreis
690 467 851 530 colonen.
893 455 1000 529 tedet
1018 483 1092 526 nsua
1111 457 1195 551 apud
1252 495 1265 512 τ

81 561 199 614 veteres
210 551 350 613 attributi
362 553 439 614 atrio
451 559 567 612 tectum
579 551 659 614 illud
673 553 763 616 inire
774 553 991 613 demonstrant.
1032 549 1100 614 illic
1114 551 1195 614 enlm
1256 583 1277 632 a

82 655 122 700 ex
138 638 237 700 Plinio
252 638 276 700 l.
290 639 333 704 66
349 645 423 715 οἳ,
444 635 571 719 Polybio
587 637 609 704 l.
626 643 658 716 6,
680 638 821 698 Iuvenale
832 639 894 699 Sat.
907 641 928 704 8
941 646 972 697 et
989 635 1066 715 aliis,
1087 637 1196 718 imagi-
1270 635 1272 638 ’

81 739 137 786 nea
151 725 304 784 maiorum
313 723 522 800 servabantur,
540 745 614 804 quas
626 723 661 784 in
673 722 743 784 loco
755 723 831 785 aeris
846 721 966 784 iniuriis
978 723 1118 806 exposito
1133 741 1197 784 non
1308 727 1327 754 ⁸*

82 819 130 872 est
145 807 309 869 verisimile
322 809 452 890 relinqui
467 809 580 872 solitas.
622 827 661 868 ax
678 809 785 870 Servio
800 807 839 868 ad
851 808 985 890 primum
1001 809 1150 871 Aeneidos
1163 808 1198 870 in

80 894 169 956 ¹atriis
189 895 390 972 coenabatur,
417 894 463 956 ed·
477 895 557 975 quod
578 892 744 957 subdivslis
765 894 870 971 locus,
896 902 991 954 noctu
1009 895 1197 976 praesertim,

82 986 206 1061 ineptus
224 983 279 1043 est.
321 979 433 1041 ibidem
446 1001 486 1040 ex
500 979 604 1041 eodem
620 980 727 1041 Servio
742 979 781 1042 ad
796 984 834 1046 11
848 978 996 1042 Aeneidos
1012 990 1132 1041 senatus
1146 982 1198 1040 in·

82 1064 206 1127 tardum
229 1063 405 1128 habebatur.
447 1065 509 1143 ibi,
528 1075 566 1127 ut
582 1065 672 1126 docet
686 1065 837 1148 corippus
852 1065 909 1132 1.ss
930 1065 969 1125 de
986 1064 1127 1127 laudibus
1143 1065 1198 1126 lu-

81 1151 159 1212 atini
177 1150 322 1227 minoris,
334 1150 433 1232 legati
452 1152 585 1231 gentium
600 1160 773 1212 exterarum
788 1149 826 1211 sb
837 1147 1072 1231 imperatoribus
1087 1150 1199 1211 admit-

85 1237 239 1305 tebantur.
281 1236 348 1296 illic
366 1235 512 1318 denique,
526 1244 571 1298 'ut
587 1255 633 1298 ex¹
644 1236 789 1298 concordi
806 1234 981 1297 testimonio
999 1236 1198 1316 evangelista·

84 1341 156 1384 rum
170 1321 265 1383 blsrci
277 1322 375 1384 Lucae
386 1323 508 1383 Ioannis
523 1331 660 1398 constat,
680 1323 761 1403 ignis
781 1321 987 1399 excitabatur;
1008 1322 1088 1382 unde
1109 1322 1199 1398 etiam

81 1407 220 1470 isidorus
240 1407 326 1468 vocis
347 1417 471 1488 etymon
482 1408 681 1488 repetendum
694 1415 797 1490 putat,
820 1409 938 1466 atrium
951 1406 1127 1467 existimans
1141 1405 1195 1466 di-

86 1501 169 1554 ctum
187 1496 281 1574 quusi
299 1492 339 1551 ab
355 1497 426 1574 igne
441 1505 470 1554 et
479 1499 699 1573 sumentium,
741 1489 821 1554 nihil
832 1491 944 1554 borum
955 1492 1113 1553 commode
1126 1493 1198 1552 loco

84 1587 192 1660 'aperto
212 1598 248 1638 ac
271 1578 421 1660 perflabili
440 1579 536 1641 fieret.
578 1579 724 1641 ‘sedbaeo
740 1579 847 1640 obiter.
889 1579 928 1639 sd
943 1578 1047 1639 orbem
1061 1577 1198 1639 instituti

85 1663 263 1742 redeamus,
287 1663 525 1745 definiamusqua
548 1665 622 1746 quid
644 1660 772 1740 αὕλσίας
790 1661 884 1726 verbo
906 1664 1062 1743 designare
1074 1662 1196 1744 Pachy-

84 1769 183 1811 msres
203 1747 263 1810 boc
283 1769 371 1830 quem
391 1759 557 1820 tractamus
572 1752 643 1812 loeo
660 1751 801 1812 voluerit.
844 1747 982 1830 equidem
1003 1769 1065 1809 non
1091 1748 1197 1810 dubito
1315 1765 1324 1794 ¹

83 1835 162 1915 quin
173 1834 201 1897 is
215 1828 345 1898 αὐλαίαν
363 1835 401 1896 ab
421 1831 518 1921 ον’λῇ,
538 1835 599 1896 iem
615 1855 756 1917 expressa
771 1835 897 1897 notione
908 1834 1081 1913 intellecta,
1101 1833 1198 1895 delle·

82 1921 182 1997 ¹xerit,
212 1939 250 1982 ac
275 1919 425 1983 studuerit
445 1921 582 1982 indicere
605 1921 791 1983 subdivalem
821 1939 918 1982 areana
939 1919 1102 1999 Augustaei
1126 1919 1197 1998 lori,

74 2006 219 2088 spatium
231 2004 375 2067 videlicet
389 2015 474 2069 extra
494 2005 631 2068 laterales
644 1997 717 2067 hinc
730 2006 803 2067 iude
815 2005 952 2087 porticus
970 2006 1003 2065 in
1021 2004 1120 2066 medio
1136 2025 1198 2084 pu·
1231 2060 1234 2064 .

84 2111 157 2156 rum
172 2090 281 2152 aelate
296 2111 443 2174 vacuum,
464 2092 548 2175 quod
564 2091 657 2153 densa
674 2100 751 2152 tunc
765 2091 931 2154 multitudo
948 2089 1174 2172 compleverit'

174 2204 551 2292 σίτοποοσκοπίτης
571 2232 605 2293 p.
621 2211 684 2278 615
701 2231 731 2274 v,
747 2215 777 2277 6.
822 2209 884 2290 agit
904 2207 941 2270 de
960 2205 1125 2269 Athanasio
1141 2229 1198 2290 pa-
1214 2212 1238 2268 Ρ
1256 2212 1310 2269 466

87 2291 222 2356 triorche
236 2305 378 2357 consueta
394 2296 451 2356 sibi
467 2305 558 2377 atque
568 2297 673 2357 innata
685 2295 859 2358 morositate
873 2303 1000 2356 cunctos
1013 2293 1077 2355 sine
1089 2291 1204 2354 discri-
1298 2345 1302 2350 .
1372 2303 1375 2308 '

87 2380 170 2442 mine
185 2379 339 2444 offendere
355 2380 433 2442 nihil
451 2382 538 2462 pensi
554 2381 704 2446 habente..
736 2381 900 2444 divinanda
914 2389 959 2441 est
971 2379 1057 2458 origo
1070 2388 1100 2439 et
1110 2378 1203 2442 'notio

85 2459 181 2542 lartius
196 2467 338 2529 vocabuli
354 2466 429 2527 mibi
442 2467 563 2548 quidem
582 2467 655 2529 alibi
674 2487 736 2528 non
749 2465 832 2529 lecti.
875 2467 956 2528 unde
970 2473 1070 2526 sutem
1089 2463 1205 2527 verisi-

87 2551 190 2614 milius
214 2551 286 2613 duci
305 2559 408 2632 putem
428 2573 555 2634 quauta
578 2547 738 2636 προσκοπή
758 2573 834 2615 voce
852 2551 1049 2614 ecclesiastici
1069 2571 1143 2611 usus
1164 2571 1204 2610 ex

86 2637 225 2718 epistolis
240 2637 326 2700 Pauli
340 2638 519 2699 notissima'l
539 2637 577 2698 ad
594 2639 693 2706 Cor.2
711 2660 740 2702 c.
756 2643 793 2705 6:
814 2630 966 2720 μηδεμίαν
982 2637 1016 2703 ίν
1028 2635 1137 2718 μηδενί
1156 2637 1204 2699 διν

87 2716 195 2798 δόντες
210 2717 390 2805 προσκοπήν
401 2724 517 2788 nemini
532 2723 640 2784 dantes
656 2725 757 2784 ullam
770 2723 973 2806 offensionem,
997 2742 1036 2782 ex
1048 2743 1107 2802 qus
1122 2721 1204 2782 idem

87 2804 213 2870 sanans
228 2802 381 2889 aposlolus
396 2808 614 2891 appellativum
631 2808 704 2870 alibi
718 2811 830 2870 format
846 2801 1049 2893 οἶκρὸσκοπος.
1081 2807 1120 2867 ad
1133 2808 1202 2870 Cor.

89 2897 108 2960 1
125 2914 152 2955 c.
167 2897 208 2976 10
224 2897 283 2960 322
305 2885 497 2976 σ’πρόσκοποι
511 2895 635 2979 γίνεσθε
652 2893 705 2958 καί
719 2889 878 2971 Ἰουδαίοις
894 2893 947 2958 καί
954 2889 1082 2972 Ἕλλησι
1095 2889 1148 2955 καί
1161 2895 1203 2980 τῇ

88 2977 233 3065 ἐκκλησίᾳ
255 2983 314 3042 τοῦ
330 2983 423 3047 θεοῦ.
462 2988 506 3064 ⁴¹ut
527 3000 597 3062 ergo
619 2977 767 3060 significet
785 2979 983 3061 Pachymeres
1003 2975 1204 3038 Athanasium

87 3085 154 3128 nou
170 3064 262 3129 modo
283 3085 346 3125 non
369 3065 499 3144 cauisse,
519 3075 556 3128 ut
577 3074 769 3147 oportuerat,
792 3085 832 3125 ne
848 3065 922 3126 actis
941 3085 958 3123 a
978 3083 1010 3123 se
1028 3063 1113 3124 aliud
1130 3083 1204 3144 spe-

89 3147 204 3228 ctante,
225 3150 305 3212 bono
322 3151 412 3212 etiam
426 3151 543 3228 animo,
566 3150 754 3229 contingeret
765 3150 883 3232 aliquos
897 3147 1028 3226 offendi,
1049 3150 1102 3212 sed
1114 3147 1157 3209 ita
1169 3165 1202 3208 se

86 3236 214 3316 gessisse
227 3244 261 3316 ut
274 3253 369 3316 paene
385 3236 541 3300 videretur
557 3235 751 3298 deindustu'a
766 3256 909 3317 quaerere
925 3257 961 3297 nc
975 3243 1100 3316 captare
1110 3255 1203 3294 occa-

87 3321 190 3468 pliones
213 3319 389 3382 offendendi
415 3341 504 3384 omna
521 3341 616 3404 genus
633 3321 810 3401 hominum,
830 3343 897 3384 eum
919 3315 1204 3404 αοίνοπροσκοπίτην

57 3429 58 3432 ’
113 3427 150 3468 oc
164 3407 234 3468 loco
251 3417 353 3468 vocat.

176 3503 369 3587 Βλαχικόν
388 3528 420 3590 p.
436 3511 499 3574 106
520 3528 551 3573 v.
569 3508 601 3573 4.
645 3519 816 3591 congruunt
837 3529 913 3590 quae
928 3507 983 3572 hic
1002 3505 1202 3587 Pachymares

89 3589 130 3653 da
143 3601 232 3670 gente
245 3591 386 3654 illechica
405 3593 530 3671 scribit,
550 3614 622 3658 oum
641 3595 680 3656 iis
700 3593 778 3676 qnae
794 3595 883 3679 prius
897 3595 984 3656 Anna
999 3594 1152 3653 Comnena
1171 3590 1206 3650 in

87 3675 238 3738 Alexiade
253 3679 291 3740 de
311 3677 436 3740 Blachis
450 3679 629 3762 scripserat,
649 3681 672 3742 l
689 3686 711 3748 8
729 3702 761 3763 p·
781 3687 861 3749 227:
882 3680 934 3745 καί
953 3672 1064 3746 ὁπόσον
1080 3671 1135 3760 κᾶν
1152 3697 1206 3740 νο·

13 3831 21 3842 ,
88 3759 176 3844 pite
186 3763 257 3844 βίον
270 3763 398 3841 εἵλοντο,
414 3759 551 3847 Βλᾶχσυς
564 3762 692 3841 τούτους
705 3763 729 3847 si
742 3762 831 3846 κοινὴ
847 3771 949 3831 καλεῖν
965 3761 1030 3831 olda
1043 3762 1208 3836 ὅίαλεκτσς.

88 3847 130 3908 de
146 3848 262 3928 quibus
274 3850 387 3912 iuverit
398 3851 503 3918 ridere
519 3872 597 3932 quae
611 3851 643 3912 in
659 3861 765 3914 nostro
780 3853 935 3919 Glossario
954 3849 1070 3935 primae
1081 3847 1207 3910 Alexia-

89 3931 140 4002 dis
151 3933 281 3996 editioni
294 3935 459 4000 subiuncto
473 3937 592 4020 pridem
606 3939 827 4000 annotavimus.

87 4085 90 4094 ¹
177 4055 280 4134 Βοησ
288 4048 445 4136 ρομιοίν.
480 4055 538 4117 etsi
551 4075 670 4138 semper
684 4056 756 4118 alibi
769 4054 967 4134 Pacbymeres
980 4052 1039 4114 boc
1053 4049 1204 4113 vocabulo

84 4141 224 4200 smensem
236 4141 370 4220 Aprilem
385 4140 515 4219 indicat,
536 4152 656 4218 tamen,
677 4150 803 4224 propter
814 4141 947 4201 rationes
959 4159 977 4198 a
990 4157 1038 4199 me
1059 4139 1080 4198 l.
1095 4141 1117 4206 3
1139 4135 1206 4197 Ob·

91 4243 173 4284 serv.
189 4244 217 4286 c.
232 4229 254 4290 6
270 4246 300 4286 n.
317 4230 339 4292 9
355 4226 470 4304 allatas,
494 4228 661 4288 necessario
674 4227 834 4288 dicendum
847 4233 893 4285 est
907 4245 976 4285 eum
990 4245 1021 4306 p.
1036 4224 1099 4292 524
1116 4245 1148 4288 V.
1164 4227 1205 4287 12

91 4308 154 4370 boe
168 4312 289 4372 nomine
302 4309 470 4394 designasse
483 4312 624 4374 Martium
641 4333 781 4376 mensem.
814 4327 881 4372 ¹nec
898 4331 1012 4373 novum
1028 4321 1074 4372 est
1088 4309 1205 4372 variare
