2760 4776
175 289 253 366 846
445 333 450 342 ·
478 283 981 358 omnitenentem

191 455 252 551 3:¹¹¹
285 454 407 545 nanffi
425 447 546 546 [ΨΜ
581 454 720 533 degentea
738 447 912 536 appellunt,
934 453 987 516 die
1009 451 1181 514 (lominica
1200 433 1308 516 reta-

241 537 247 550 '
283 518 402 651 ffipppu
427 515 549 652 mxu!
582 539 618 684 lgi
639 539 763 684 ingraeabi
785 539 938 684 (ὶιέιῑαω,
972 560 1042 600 non
1073 537 1219 682 repertip
1240 536 1307 680 illict

181 719 264 784 aas
314 655 370 776 *¹2¹¹
469 713 509 779 14
584 641 1307 791 „ttttzttntttttttssttttfflt

430 789 543 844 ΨΜ·
587 805 617 856 at
641 805 799 876 comperto
827 815 962 874 pugnare
993 817 1052 876 pro
1087 793 1306 854 Genueneibne

486 851 508 916 3
587 883 752 957 llomenoa,
775 881 910 941 Galatam
924 881 1048 942 reversi
1064 881 1165 940 aedes
1182 881 1306 960 ineaper

584 967 646 1026 illic
657 966 731 1026 altae
746 967 945 1028 Romanorum
962 965 1104 1027 llammia
1118 965 1304 1046 ebeumpee-

582 1061 666 1112 runt.
709 1072 735 1112 o.
748 1053 798 1116 18.

625 1135 793 1218 Imperator
808 1133 1011 1216 Nicephorum
1026 1135 1217 1216 episcopum
1230 1135 1301 1194 Cre·

583 1229 713 1298 teneam,
743 1223 794 1300 qui
814 1221 851 1283 de
871 1222 917 1282 laia
936 1223 1175 1304 expostularet,
1206 1221 1300 1278 Vene-

583 1308 640 1368 tiae
654 1307 755 1366 mittit.
796 1307 975 1386 interimque
999 1305 1132 1367 venetie
1147 1304 1236 1366 urbia
1249 1307 1299 1364 in-

585 1391 707 1473 quilinie
721 1392 753 1452 in
768 1393 986 1473 reparationem
1009 1391 1122 1451 damni
1144 1412 1201 1472 per
1211 1391 1297 1470 ipso-

583 1497 652 1538 rum
666 1479 748 1537 circe
760 1477 838 1536 illati
853 1477 977 1538 multam
987 1497 1197 1538 nummorum
1212 1485 1296 1535 octo-

586 1565 667 1641 ginta
681 1563 805 1622 millium
820 1563 937 1636 indicit,
953 1563 1172 1642 oppigneratie
1187 1562 1222 1620 in
1232 1581 1293 1620 eam

585 1667 730 1710 aummem
743 1648 878 1709 omnium
892 1648 1014 1708 illorum
1028 1647 1131 1709 bonia.
1154 1647 1240 1711 tsc.
1249 1649 1293 1712 19.

629 1750 729 1810 Menae
762 1748 915 1810 Decembri
950 1749 1129 1810 Genuenaee
1163 1747 1291 1809 Venetos

587 1835 848 1916 Constantinopoli
865 1833 1019 1916 (legentes,
1046 1833 1142 1894 initio
1162 1831 1290 1894 abricio

585 1922 682 1999 sacto,
719 1921 887 1982 trucidante
922 1919 1072 2001 primores
1104 1919 1288 1980 Venetorum

586 2003 669 2065 urbia
694 2005 915 2084 inquilinorum
936 2025 1040 2065 omnee
1063 2025 1098 2065 ea
1113 2004 1287 2064 carnificina

586 2091 768 2172 interempti.
811 2090 905 2152 vilior
919 2089 1055 2171 iptorum
1070 2090 1160 2171 plebe
1181 2101 1212 2150 et
1227 2109 1287 2148 me·

587 2173 779 2236 chanicarmn
818 2177 1002 2258 proleaeorea
1040 2176 1176 2250 artium,
1221 2194 1287 2234 nece

587 2262 684 2343 pn'mo
696 2259 818 2322 latebris
836 2263 946 2339 vitata,
968 2259 1080 2321 deindo
1098 2261 1178 2322 olam
1192 2259 1287 2323 Vene-

586 2349 642 2408 tiae
654 2346 809 2409 recedunt.
851 2347 874 2408 l.
889 2351 909 2412 3
923 2366 950 2409 c.
969 2349 1021 2411 20.

628 2449 675 2510 Ob
696 2449 771 2510 baec
792 2447 986 2510 Andronicue
1003 2448 1173 2529 imperator
1185 2465 1288 2506 mona-

585 2534 674 2594 cham
693 2533 855 2594 Maximum
870 2533 1033 2594 Planudem
1056 2543 1086 2592 et
1103 2533 1287 2613 praefectum

487 2673 488 2678 ,
586 2619 840 2702 orphanotrophii
859 2619 988 2678 Leonem
1001 2618 1176 2698 Aquileiam
1198 2616 1286 2692 mieit,

585 2707 632 2766 aui
640 2705 864 2784 apudeenatum
872 2703 1016 2764 Venatum
1025 2702 1179 2784 purgandi
1186 2703 1287 2780 gratia.

628 2791 753 2852 Alexiue
783 2788 1056 2869 l'bilantbropenua
1083 2787 1234 2862 rebellat,
1260 2795 1288 2846 et

586 2877 677 2960 paulo
692 2885 761 2957 poet
778 2885 885 2958 captae
899 2881 1082 2935 excoecatar
1097 2895 1115 2932 a
1131 2871 1288 2933 Libadario

586 2961 852 3042 protovestiarite‚
888 2959 944 3020 aab
979 2957 1072 3020 finem
1105 2957 1288 3019 Decembris.

584 3048 850 3114 1.3c.100t11.

629 3131 701 3192 Eius
720 3151 874 3192 eucceeeue
893 3132 971 3192 fama
989 3137 1113 3190 atreum
1137 3130 1171 3190 in
1185 3127 1288 3188 urbem

586 3215 698 3297 perlata
724 3216 867 3276 extremi·
886 3215 958 3276 anni
978 3215 1102 3290 diebue,
1125 3213 1288 3295 imperator

462 3291 467 3308 “
587 3302 642 3363 deo
663 3311 693 3362 et
719 3303 858 3382 deiparae
887 3301 1061 3362 solemniter
1082 3300 1198 3379 gratim
1218 3297 1287 3377 agit.

588 3387 607 3452 l.
623 3395 642 3454 8
656 3408 683 3452 c.
698 3393 748 3454 13.

630 3589 825 3651 Andronicus
835 3589 999 3670 imperator
1013 3595 1120 3647 nectua
1143 3585 1223 3646 olam
1241 3585 1290 3644 ia-

588 3684 671 3736 ctum
686 3675 991 3749 famosumlibellam,
1012 3672 1044 3731 in
1059 3691 1121 3752 quo
1135 3671 1174 3732 ele
1188 3669 1290 3730 multia

587 3759 800 3838 recreabatur,
823 3761 862 3820 ad
875 3761 1031 3842 epiecopoe
1050 3757 1169 3816 clerum
1183 3775 1293 3816 mona·

532 3911 533 3916 χ
588 3844 661 3906 cboe
680 3855 711 3906 et
721 3846 868 3925 populum
886 3851 1070 3905 convocatos
1086 3842 1209 3921 longam
1226 3861 1292 3901 ora·

588 3932 702 3992 tionem
717 3929 835 4009 babuit,
859 3951 917 4012 qua
935 3950 966 3990 ee
985 3947 1114 4010 purgare
1134 3928 1173 3986 ab
1188 3925 1292 3988 omni-

492 4067 496 4075 .
587 4017 643 4077 bue
659 4015 774 4078 obiecto
801 4017 920 4078 solicita
934 4014 1102 4075 contendit.
1124 4013 1228 4080 liic.
1242 4015 1293 4079 22.

626 4121 692 4182 lloc
710 4139 790 4180 anno
820 4139 926 4179 menae
941 4115 1131 4197 Septembri,
1172 4113 1293 4196 quando

583 4211 642 4267 lam
666 4225 751 4268 more
771 4207 956 4265 Graecorum
975 4201 1144 4282 incipiebat
1167 4198 1296 4262 indictio

584 4291 757 4370 undecima,
788 4311 877 4372 qaam
900 4287 1001 4360 Latini
1025 4297 1151 4350 tantum
1169 4285 1298 4350 inoboe-
