2798 4786
108 275 109 288 Ν
187 321 260 391 aaa
411 379 418 398 ,
500 313 678 388 cronon
701 316 966 386 rrcnmums

145 487 362 576 Βδιάγοντος,
386 485 489 574 ὥσπερ
511 486 629 575 ἤσκητά
649 515 682 562 τε
707 491 759 556 καλ
779 488 909 558 εἴθιστο.
967 483 1051 572 ὅμως
1072 487 1129 578 (τά
1150 487 1208 575 γάρ
1231 489 1287 572 τῆς

186 592 318 678 άνάγκης
338 567 420 656 tirio
441 589 610 679 ἀδήριτον)
630 593 687 678 τὴν
707 593 843 680 σκληρὰν
865 591 979 676 ἒκεῖνην
1001 594 1052 658 καλ
1068 587 1109 668 ὥς
1124 594 1156 656 ἐν
1172 595 1287 683 σιδηρᾷ

185 693 294 785 ῥάβδῳ
315 694 454 780 διέφερον
476 699 657 778 ποίμανσιν,
683 697 712 761 oi
731 698 787 779 priv
811 694 1080 782 εὐγνωμονέστεροι
1093 696 1197 782 σφίσιν
1212 692 1288 760 ἑαυ-

186 809 251 875 τοῖς
273 797 330 884 τὴν
352 801 453 863 αἰτίαν
478 799 743 885 προστρλβοντες,
779 796 863 874 ὅσοις
887 799 1009 882 δηλαδὴ
1031 799 1073 882 μὴ
1092 791 1129 881 ἦν
1146 799 1177 864 ἓν
1192 805 1234 886 opi
1247 797 1288 863 τά

186 909 248 968 τῶν
265 901 366 968 ἄλλων
382 905 492 986 κρίνειν
519 902 595 986 ἀλλ’
616 905 658 979 εἲς
683 899 812 976 {aorosia
832 898 925 967 νεάειν
949 905 998 967 καὶ
1013 899 1143 974 {notovit
1157 901 1237 966 κατὰ
1251 900 1313 973 nis

150 1012 348 1091 οπροσῆκσν
369 1015 548 1088 κατανοεῖν,
584 1007 611 1070 εἰ
631 1006 665 1070 δὲ
682 1007 734 1070 καλ
748 1001 901 1089 ἀλλήλους
916 1014 1092 1096 κατανοεῖν,
1120 1006 1163 1080 εἰς
1185 1029 1289 1088 παρο-

189 1108 305 1189 ξυαμόν
327 1104 447 1192 άγάπης
472 1110 521 1174 καλ
545 1104 660 1188 μόνον,
693 1114 884 1192 συγχωροῦσι
908 1107 985 1184 τέως
1006 1118 1070 1183 τοῖς
1091 1106 1289 1193 γιγνομένοις,

188 1210 261 1277 ἄλλ’
284 1210 320 1277 od
342 1211 618 1297 περιεργαζομένοις
640 1210 713 1287 τοὺς
737 1211 973 1296 ἐργαζομένους,
1008 1209 1065 1276 κάν
1078 1207 1095 1275 ὅ
1110 1236 1139 1276 τι
1163 1218 1290 1276 ποιοῖεν.

187 1324 254 1390 τοῖς
276 1315 310 1380 δι’
332 1318 382 1379 καλ
401 1320 667 1399 πολυπραγμονεῖν
687 1310 771 1402 ἐπῄει
802 1317 853 1378 καλ
875 1310 1108 1394 άνταμάνεσθαι
1136 1309 1290 1396 πάσχουσι

188 1424 239 1484 καλ
255 1413 422 1498 λαμβάνειν
438 1414 547 1502 λόγους
562 1418 593 1495 ἐξ
609 1415 728 1498 άλλων,
757 1413 909 1490 πιθανάάς
925 1417 1027 1493 άλλως
1041 1419 1074 1481 ἔκ
1088 1423 1149 1482 τῶν
1165 1411 1290 1482 εἰκότων
1299 1433 1335 1486 10

189 1518 231 1598 ὥς
246 1518 381 1604 άγνιῖιτος
395 1525 521 1596 πολλοῖς
535 1519 624 1596 ὄντος
637 1521 750 1585 lasiaco
761 1519 811 1584 dui
826 1518 882 1604 τὴν
896 1521 944 1584 tut
958 1527 997 1606 τῇ
1012 1515 1292 1602 άσκήσειμάνωσιν.

82 1646 174 1702 1³1oe
297 1623 354 1692 17.
409 1619 539 1688 Τοάτιον
559 1621 658 1699 οὕτως
681 1619 813 1705 ἐχόντων
835 1619 851 1688 ὃ
872 1623 928 1703 μὲν
945 1617 1192 1708 πατριαρχιάσας
1206 1625 1237 1688 Γ
1234 1648 1293 1706 ρη-

189 1721 294 1812 γάριος
317 1722 400 1815 νάσῳ
423 1725 608 1816 πολυημίριρ
630 1727 869 1812 κατεργασθεῖς,
896 1723 938 1802 ὥς
951 1726 987 1792 δι’
999 1751 1078 1801 τινες
1094 1723 1213 1810 ἔλεγον,
1240 1727 1302 1790 καὶ.

190 1829 242 1894 διά
266 1827 321 1913 τὴν
344 1825 517 1914 πορόρασιν
539 1829 572 1894 ἔκ
594 1829 820 1914 μικροψυχίας,
855 1827 927 1908 μετ’
955 1827 990 1892 od
1006 1827 1084 1892 πολά
1099 1834 1224 1916 τελευτᾷ
1238 1827 1294 1892 τὸν

189 1933 269 2012 βίον.
323 1935 373 1996 καὶ
391 1931 426 1996 τὸ
443 1932 499 2014 μέν
514 1933 545 1997 ἐν
556 1935 757 2021 ψαλμῳιλῖαις
771 1928 902 1996 θάπτειν
917 1930 996 1997 κατά
1015 1931 1049 1996 rd
1066 1930 1145 2008 εῖκός
1159 1932 1292 2009 tottam,
1303 1949 1337 2004 15

150 2055 174 2109 Β
193 2033 227 2100 τά
247 2033 282 2098 d'
304 2031 346 2110 ὥς
367 2033 526 2118 ἀρχιερέα,
555 2033 659 2120 ὥσπερ
681 2033 719 2117 δὴ
735 2034 868 2110 κάκεῖνσς
884 2033 960 2124 ᾤετο
973 2033 1029 2116 τὴν
1046 2030 1211 2119 ῖεροισάνην
1230 2060 1295 2098 ποι-

191 2138 385 2221 ρακατίχων,
412 2136 543 2222 συχνοιλς
560 2133 575 2202 ὅ
592 2145 714 2224 κρατῶν
728 2136 924 2203 ἀποστέλλων
939 2135 1062 2222 άπῖλεγε
1071 2185 1081 2215 ,
1108 2139 1158 2204 καλ
1179 2142 1218 2224 τῇ
1236 2135 1296 2200 osi-

190 2243 324 2332 τανεψῖηι
346 2239 532 2324 ἓνιίσκηπτεν
555 2236 749 2321 ἐπιτάττων,
784 2237 803 2324 ἥ
831 2264 878 2316 τις
902 2233 940 2326 ἦν
961 2235 1170 2321 Ῥαοάλαινα,
1196 2235 1242 2324 μή
1266 2265 1296 2305 τι

190 2350 334 2411 τοιοῦτον
351 2345 496 2410 ἐπιτελεῖν
501 2391 511 2423 ,
535 2339 605 2426 ὃδὴ
620 2345 670 2406 καλ
687 2345 810 2428 γίνεται.

191 2507 255 2562 ciam
273 2511 301 2559 et
317 2522 421 2573 arcano,
437 2510 514 2575 prout
530 2505 614 2559 ascesi
630 2505 707 2574 ionga
722 2505 884 2568 insueverat,
900 2509 993 2558 cuncta
1008 2504 1080 2558 vitae
1096 2503 1184 2558 officia
1200 2503 1298 2558 transi·

191 2577 286 2698 ttt’
302 2583 392 2696 titt
405 2573 1298 2712 titi·¹tiiii'¹it⁰t:i”attiattttttt⁸¹2t3¹t

266 2680 275 2708 9

192 2712 317 2768 maimoni
343 2729 418 2765 sensu
441 2712 528 2782 gravis
551 2713 668 2766 omnibus
692 2711 842 2765 incommodi
866 2711 984 2765 elucebat
1006 2712 1154 2780 exquisitior
1178 2712 1299 2781 aequitas

192 2781 358 2853 quorumdam
382 2781 431 2833 sibi
454 2781 510 2833 nnis
535 2781 595 2834 rnaii
619 2797 721 2834 causam
743 2779 929 2849 imputantium.
964 2797 1054 2849 nempe
1077 2781 1115 2833 sic
1132 2781 1226 2834 dudum
1244 2791 1301 2834 sta-

192 2858 304 2916 tuerant,
322 2867 371 2902 non
388 2865 513 2920 arrogare
529 2849 577 2904 sibi
594 2849 713 2903 iudicium
731 2867 812 2902 rerum
831 2850 864 2902 ad
881 2850 943 2903 aiios
960 2851 1145 2919 spectantium,
1161 2849 1207 2903 sed
1224 2849 1250 2902 in
1268 2868 1299 2902 se

192 2921 263 2990 ipsos
280 2919 444 2972 attentionem
462 2919 553 2972 mentis
570 2937 666 2972 omnem
683 2927 796 2984 vertare,
814 2917 863 2972 sibi
880 2935 975 2972 cavare
991 2923 1069 2987 atque
1084 2917 1220 2986 invigilare
1237 2936 1301 2989 pro·

191 2989 322 3041 morandis
339 2989 372 3042 ad
390 2997 503 3054 rectam,
530 2988 604 3041 unice
626 2987 870 3052 assumendorum,
893 2987 942 3040 nisi
959 2995 1099 3056 quatenns,
1121 2988 1245 3040 suadente
1262 2988 1303 3041 sic

194 3057 340 3110 conditione
357 3074 444 3110 eorum
461 3073 528 3126 quae
547 3058 712 3124 gerebantur,
723 3059 861 3110 observare
877 3073 907 3108 sa
923 3057 1029 3108 invicem
1046 3058 1170 3125 proderat
1188 3057 1221 3108 ed
1238 3075 1303 3128 pro-

193 3127 352 3178 uocationem
370 3128 504 3191 caritatis,
526 3126 628 3179 minime
652 3143 715 3178 vero
739 3126 782 3179 ubi
805 3143 854 3178 non
872 3133 1010 3194 appareret
1026 3127 1125 3178 fructus
1142 3125 1196 3178 eius
1212 3126 1303 3196 inspe-

193 3195 285 3246 ctionis
304 3195 368 3247 eiius
384 3212 460 3263 qnam
472 3196 588 3248 solatium
601 3193 757 3248 curiositatis
767 3193 904 3264 prurientia
916 3195 942 3246 io
954 3195 1062 3246 otiosam
1074 3203 1101 3246 at
1111 3193 1207 3262 figendi
1217 3196 1303 3248 iocum

193 3263 276 3316 aculei
287 3271 450 3332 quaerentem
463 3265 660 3334 explorationem
675 3266 800 3316 tactorum
817 3264 964 3328 alienorum,
975 3263 1105 3332 plerisque
1116 3263 1217 3316 iuterim
1232 3263 1303 3316 haud

193 3348 224 3384 se
240 3332 307 3384 intra
324 3333 388 3385 fines
405 3331 475 3401 paris
492 3333 630 3386 modestiae
646 3333 849 3404 continentibus,
875 3349 963 3384 verum
987 3339 1014 3384 et
1035 3333 1137 3385 curiose
1153 3331 1303 3400 indaganti-

193 3401 245 3454 bas
261 3418 328 3471 quae
345 3409 570 3470 suspectantem,
595 3409 622 3454 at
640 3401 726 3454 ulcisci
744 3401 893 3454 conantibus
909 3400 932 3454 si
949 3417 1023 3454 secus
1040 3419 1116 3470 quam
1133 3401 1227 3453 velient
1244 3409 1304 3456 tra-

194 3475 344 3534 ctarentur,
361 3479 455 3540 etqua
472 3486 559 3522 serere
576 3469 661 3540 ipsos,
679 3487 729 3539 qua
747 3486 851 3538 sparsos
875 3471 908 3522 ab
933 3470 991 3523 aliis
1012 3470 1131 3538 accipere
1155 3469 1251 3522 liberos
1268 3471 1304 3524 da

193 3538 233 3592 his
250 3555 380 3591 sermones
396 3548 425 3591 et
440 3539 536 3592 iudicia
552 3539 732 3592 verisimilibus
750 3538 836 3592 innixa
852 3538 1020 3601 coniecturis,
1046 3539 1305 3609 pleraquaAthana-

193 3607 258 3660 sium
275 3607 437 3660 traduceretis
454 3625 501 3678 pro
518 3608 632 3661 funditus
648 3609 738 3675 ignaro
755 3608 819 3662 artis
835 3607 960 3660 hominum
976 3607 1161 3677 regendorum,
1181 3623 1258 3678 quara
1275 3607 1305 3663 in

193 3675 332 3730 solitudine
349 3675 452 3730 ascetici
469 3694 585 3729 secessus
608 3677 709 3730 discere
726 3677 792 3729 haud
810 3677 943 3745 potuisset.
1283 3689 1284 3694 ’

264 3747 306 3799 17.
341 3746 389 3798 His
406 3745 445 3798 ita
463 3763 491 3797 se
509 3746 677 3812 habentibus,
704 3746 884 3816 expatriarcha
901 3744 1045 3812 Gregorius
1060 3747 1185 3812 languore
1202 3744 1306 3801 dierum

194 3813 329 3867 muitarum
346 3816 494 3880 exhaustus,
511 3823 541 3868 ot
558 3823 642 3868 autem
660 3815 762 3884 quidam
779 3815 889 3876 aiebant,
897 3813 1057 3884 aegritudine
1075 3813 1152 3866 animi
1168 3815 1305 3869 coniectus

192 3883 330 3938 indenata
347 3885 414 3952 qood
433 3901 464 3936 ex
483 3884 541 3936 oiirn
558 3889 609 3936 tarn
628 3885 751 3936 honorato
768 3891 820 3935 tam
837 3900 865 3936 sa
883 3883 959 3935 hodie
984 3889 1155 3952 contemptum
1173 3891 1305 3952 cerneret,

213 3952 270 4004 auio
287 3959 346 4022 post
361 3954 448 4006 vivere
465 3953 549 4006 desiit.
585 3953 641 4004 eins
664 3952 965 4020 exequiaspsaimorum
989 3960 1065 4004 canta
1088 3953 1121 4004 de
1145 3968 1215 4004 more
1233 3954 1306 4006 ceie-

161 4080 166 4092 i
193 3967 264 4074 drari
282 4039 430 4074 concessum
448 4027 501 4074 ast:
528 4031 556 4073 at
573 4037 630 4074 eom
647 4021 751 4089 sepeliri
769 4027 798 4073 ot
814 4021 1000 4090 patriarcham,
1023 4019 1091 4091 quod
1108 4037 1227 4089 sperasse
1245 4022 1306 4091 ipsc

193 4090 331 4142 videbator
348 4093 407 4143 dum
425 4091 451 4143 in
470 4089 585 4144 cessione
601 4090 772 4142 sacerdotium
799 4091 909 4142 retinere
925 4091 1021 4155 voluit,
1044 4089 1142 4143 omnino
1166 4098 1257 4144 vetare
1274 4109 1307 4145 se

193 4175 242 4226 per
258 4161 362 4212 crebros
379 4160 412 4213 ad
429 4160 456 4211 id
475 4159 564 4212 missos
581 4159 684 4211 nuntios
705 4157 859 4227 significavit
875 4159 1028 4227 imperator3
1048 4168 1076 4211 et
1092 4175 1154 4212 suae
1172 4161 1307 4212 consobri-

193 4243 243 4278 nae
258 4226 373 4281 defuncti
391 4229 568 4298 perstudiosae
586 4227 734 4280 Rsiriamae
751 4227 846 4282 diserte
861 4227 994 4283 interdixit
1011 4245 1044 4282 na
1068 4229 1130 4300 quid
1146 4227 1200 4283 tale
1216 4233 1308 4284 atten-

193 4299 272 4350 taret.
306 4297 409 4368 privato
426 4315 489 4368 ergo
506 4297 589 4352 alatus
609 4305 651 4351 est
666 4297 766 4351 iuuere.
