2782 4792
419 293 498 366 alu.
521 293 549 374 ¹1.
603 293 879 366 cuosstmuu.
1127 295 1202 378 653

37 547 39 552 ,
93 456 158 542 ὕφ’
182 459 285 544 laipno
307 451 402 550 vairp
424 464 466 550 epi
485 459 675 548 προσηγορία
692 457 913 544 (φιλοσόφου)
935 454 1138 546 coniectaria
1154 456 1205 528 eai-

93 543 181 629 epuair
198 547 284 624 νέος,
309 540 384 611 oicc’
409 546 505 614 εἰπεῖν
525 542 684 628 μειδιάσας
699 545 752 614 οιαὶ
766 546 979 630 ὑποπλησθεὶς
1000 543 1202 630 ὖροθήμοιοα
1218 558 1241 614 P
1257 559 1310 618 48⁰

94 630 136 698 cii
148 635 196 708 τίς
208 655 257 698 τοι
267 629 346 708 θεός
363 631 440 712 εἰμι,
461 652 532 694 cum
547 633 580 694 in
594 633 693 713 primo
708 643 864 698 amntem
882 634 1075 712 rubedinem,
1097 635 1130 694 in
1152 636 1204 696 al.

94 728 160 780 tero
173 717 378 781 verecundum
392 717 533 778 ruborem
546 718 644 798 facin,
661 719 825 780 coniuncta
837 739 906 786 curn
917 719 1067 782 vocabulo
1082 714 1203 802 rippale

93 803 233 880 videret,
253 803 332 864 illud
345 804 386 864 in
406 823 461 864 aua
480 803 646 884 scriptione
665 805 817 884 poauiaae,
839 806 939 866 auimo
953 805 1109 866 indicandi
1125 827 1204 866 con·

94 889 236 970 apionem
257 889 395 950 ardorem
412 889 516 950 vultua
528 889 699 968 flagrantia,
722 891 841 970 qualem
853 890 887 950 in
900 892 1014 952 loanne
1027 891 1147 952 Laacari
1164 911 1204 956 ex

95 975 199 1036 cordia
212 975 463 1054 inflammatione,
486 985 519 1036 ut
534 975 692 1054 caedebat,
713 984 816 1036 ortum
831 977 1053 1040 observaverat.

181 1061 412 1134 Ζιοξίπποα
434 1054 596 1142 φυλακή
621 1060 755 1141 vol.lp.
768 1063 832 1128 619
846 1082 875 1123 v.
892 1065 922 1126 9.
965 1063 1028 1140 egit
1041 1062 1079 1126 de
1091 1062 1206 1124 Latinio

95 1145 194 1227 captia
203 1145 246 1205 ad
259 1145 441 1224 Bellagrada‚
463 1165 539 1224 quoa
556 1145 848 1228 eomnntinapolim
862 1148 1010 1210 ductaret
1023 1147 1089 1208 illic
1102 1157 1207 1208 catan-

94 1239 176 1292 tataa
192 1231 289 1312 plebi,
314 1231 423 1292 deinde
434 1233 477 1290 ait
489 1231 654 1292 hiatoricna
666 1233 699 1292 iu
715 1229 799 1294 hunc
814 1251 902 1312 quem
919 1242 1032 1294 vocant
1051 1237 1110 1313 τῆς
1125 1237 1205 1296 Zao·

97 1317 211 1393 ξίπκοο
224 1315 375 1398 Zeuxippi
389 1317 643 1384 carceremluiaee
659 1317 828 1382 concluace.
849 1318 970 1380 nullutn
984 1317 1050 1380 ridi
1064 1319 1209 1380 idoneum

97 1410 249 1464 auctorem
268 1402 321 1480 qui
336 1401 429 1461 fuiaae
448 1402 709 1481 Conatantinopoli
727 1421 877 1464 carcerem
895 1403 940 1462 aic
958 1403 1074 1466 dictum
1090 1403 1208 1464 doceat.

98 1485 266 1567 Procopiaa
287 1487 310 1554 1,
327 1492 343 1553 1
367 1486 404 1547 de
424 1487 693 1570 &incaepto
709 1488 756 1548 ed.
771 1491 842 1567 Reg.
857 1488 1007 1551 ailitem
1023 1495 1039 1554 1
1059 1488 1097 1552 dc
1109 1488 1206 1551 Aedis.

96 1589 131 1652 p.
141 1575 183 1636 23
206 1573 369 1653 βαλανείου
390 1572 494 1634 balnei
509 1574 631 1653 publici
647 1575 783 1634 meminit
798 1575 880 1653 quod
895 1573 914 1638 o‘
928 1569 1101 1650 Ζεύξιππος
1113 1595 1209 1636 voca-

96 1665 191 1718 retur.
233 1655 421 1740 nicaphorus
438 1659 512 1718 itam
531 1659 648 1720 Callisti
664 1661 686 1720 l.
703 1662 723 1724 9
741 1679 767 1720 c.
781 1664 802 1726 9
815 1680 845 1741 p.
859 1663 922 1725 697
940 1661 986 1725 ed.
1003 1661 1094 1721 Paria.
1108 1653 1205 1741 δημό-

97 1759 166 1820 σιον
178 1738 308 1826 tempta
321 1741 488 1826 περιφανές
501 1767 533 1808 τι
545 1743 596 1808 aei
611 1743 759 1826 μέγιστον,
776 1746 938 1825 publicum
955 1747 1119 1805 lavacrum
1131 1767 1208 1806 con-

96 1829 242 1906 ιρίοιιιιιπ
258 1839 287 1890 et
304 1831 491 1903 maximum,
512 1826 567 1894 air
587 1825 762 1904 Ζεύξιππον
782 1830 876 1892 iuiaee
896 1831 1083 1892 nominatum
1103 1831 1206 1892 cadit.
1226 1907 1227 1910 Ἴ

96 1911 241 1974 Thermae
257 1933 276 1974 a
292 1915 405 1975 Severo
430 1915 569 1975 conditae
582 1914 637 1976 hae
653 1915 754 1976 lentot
765 1915 800 1976 in
811 1917 927 1996 templo
943 1913 1016 1990 Διὸς
1033 1917 1208 1992 Ζευξίπποο

97 1997 183 2066 Iovia
203 2017 296 2078 aqum
317 1999 466 2079 iungentia
486 2020 539 2062 acu
554 2021 648 2062 curru
663 2001 834 2062 aubiunctia
848 2001 933 2080 aquia
944 2010 1043 2062 tracto
1057 2001 1205 2078 vehentia,

98 2083 183 2162 quod
207 2084 383 2160 Ζεαξὶπποο
404 2105 467 2148 vox
484 2085 619 2160 indicat,
640 2086 766 2148 iortaaae
787 2086 832 2150 οἱα
852 2086 936 2147 dicto
956 2087 1025 2165 quia
1038 2086 1094 2147 tali
1107 2088 1207 2166 apecic

20 2213 21 2216 κ
97 2168 215 2249 Iupiter
228 2170 300 2232 olim
314 2170 398 2234 ineo
410 2172 525 2251 templo
541 2171 659 2232 effictua
674 2171 837 2232 videretur.
880 2190 919 2232 ex
932 2170 1028 2234 veteri
1043 2192 1137 2252 porro
1152 2171 1208 2231 illo

97 2255 170 2314 iano
187 2255 372 2316 vocabulum
390 2257 554 2318 recentiori
574 2256 772 2320 Thermarum
792 2255 928 2318 aedilicio
947 2257 976 2318 ei
993 2256 1138 2318 adiuncto
1152 2255 1209 2316 au-

97 2339 228 2402 haeaieaa
242 2349 378 2420 apparet
421 2351 523 2421 eatque
536 2342 570 2401 id
581 2341 775 2405 veriaimiliua
787 2361 876 2422 quarn
889 2341 972 2422 quod
984 2342 1036 2402 alii
1051 2341 1210 2422 anapican-
1269 2359 1272 2366 ’

97 2434 167 2502 trar,
190 2446 208 2483 a
223 2426 332 2486 Zeuxis
343 2427 470 2506 pictoria
483 2427 612 2503 tabulis,
635 2427 736 2506 qualea
749 2427 814 2487 illic
829 2437 1019 2508 prostarent,
1037 2428 1139 2490 locoru
1153 2447 1210 2486 no·
1238 2487 1241 2514 Ι

98 2510 255 2572 minatum.
298 2510 407 2574 atatuia
429 2513 509 2574 enim
533 2521 564 2574 et
585 2513 677 2592 aignia
698 2514 790 2574 fuieae
811 2513 932 2574 ridetur
956 2513 1103 2592 insignior
1121 2533 1211 2592 quam

98 2595 224 2657 tabuha:
245 2597 316 2657 ride
327 2617 405 2677 quae
418 2599 455 2658 de
466 2599 528 2660 loci
541 2597 606 2658 eiua
618 2608 728 2660 ornatu
741 2599 975 2679 exquiritimimo
989 2599 1112 2678 collegit
1125 2619 1142 2658 e
1156 2618 1212 2660 ve·

97 2681 213 2744 teribua
235 2682 339 2742 Patren
362 2683 483 2761 Gylliua
503 2685 523 2744 l.
542 2689 563 2749 2
582 2684 618 2744 de
638 2685 753 2766 Topog.
767 2684 924 2747 Conatant.
940 2706 966 2750 c.
982 2690 1020 2761 7,
1041 2685 1092 2745 ubi
1113 2684 1212 2764 proli-

98 2786 175 2828 xum
194 2765 317 2828 exhibet
336 2767 695 2848 catalognmantuarum
719 2770 784 2830 illic
805 2767 982 2834 erectarum.
1024 2767 1212 2848 frequentari

98 2851 224 2912 eolitum
245 2873 396 2913 concurau
416 2855 604 2915 curiosorum
621 2855 737 2916 indicat
755 2855 961 2915 Nazianzenus
983 2863 1058 2914 orat.
1078 2853 1137 2930 25,
1159 2853 1212 2914 ubi

99 2938 291 3018 Zeuxippum
312 2949 472 3019 propterea
498 2949 586 3000 vocat
610 2960 720 3000 novam
746 2940 926 3016 leruaalem,
948 2939 1032 3020 quod
1053 2939 1168 3020 templo
1192 2961 1210 2998 u

98 3023 133 3088 8.
152 3021 266 3090 Helena
285 3023 320 3083 in
339 3024 477 3086 Calvaria
496 3025 620 3086 condito
639 3035 671 3086 at
694 3045 774 3086 nova
791 3026 953 3088 leruaalem
971 3033 1082 3086 vacato
1104 3026 1210 3106 apleu-

99 3107 175 3172 dore
184 3127 222 3168 ao
234 3107 454 3188 magnificentia
468 3131 531 3172 non
545 3109 674 3172 cederet.
717 3131 808 3190 quare
821 3112 905 3172 aalua
917 3109 1117 3192 Pachymerea
1131 3111 1211 3170 arti-

100 3193 173 3254 culo
195 3194 264 3256 lena.
284 3196 401 3274 generis
430 3199 486 3277 τῆς
507 3197 682 3272 Ζευξιπιιοιι
702 3192 846 3279 φυλακήν
872 3196 1002 3274 dixerit,
1029 3215 1093 3258 non
1116 3197 1209 3278 plane

98 3278 240 3358 comperi.
282 3281 456 3360 anapicabar
484 3281 701 3362 poaterioribua
729 3282 934 3363 temporibus,
971 3282 1105 3363 collapsa
1132 3301 1207 3348 aevo

98 3373 188 3446 parta
202 3364 396 3444 antiquarum
412 3367 588 3429 balnearum
609 3367 700 3446 (nam
718 3378 788 3428 ente
802 3369 859 3430 hoe
872 3376 994 3430 centum
1009 3387 1104 3428 annoa
1121 3367 1208 3427 nulla

98 3458 214 3511 actare
231 3450 356 3529 veatigia
371 3451 522 3533 Zeuxippi
537 3462 665 3513 tentetur
679 3453 824 3537 Gylliua)
846 3455 956 3516 rudera
969 3454 1003 3514 in
1019 3446 1120 3516 οτοιοὶν
1128 3471 1207 3530 por·

99 3537 198 3594 ticum
219 3535 393 3615 efformata,
425 3539 510 3599 iuxta
534 3559 632 3618 quarn
646 3539 752 3618 apatiie
773 3540 877 3601 vacuia
901 3549 988 3620 aepto
1015 3533 1208 3598 circumdatio

98 3619 265 3682 multitudo
283 3621 359 3682 haec
374 3633 533 3704 captorum
548 3623 629 3684 bello
645 3624 837 3703 Latinorum,
860 3647 949 3706 quam
964 3623 1048 3684 urbia
1062 3620 1209 3682 ordinarii

100 3725 237 3768 carcereo
251 3707 353 3769 minua
367 3719 529 3789 caperent,
554 3710 698 3772 concluaa
714 3720 791 3772 tunc
804 3707 913 3786 fuerin
936 3718 967 3770 et
986 3709 1090 3769 haece
1104 3715 1211 3766 noetro

100 3794 157 3871 τῆς
172 3792 347 3868 Ζευξίπποο
364 3793 515 3874 (aubauali
532 3796 652 3875 σιοιᾶς)
671 3789 793 3877 potueri
808 3806 923 3858 vocata.
966 3795 1011 3855 aic
1024 3792 1116 3854 hodia
1129 3791 1213 3873 apud

99 3876 275 3954 Algerium,
298 3899 336 3938 ex
356 3881 453 3941 veteri
475 3880 525 3941 iol
543 3884 683 3942 camaria
705 3881 905 3943 deformatum
928 3900 1053 3954 nomen,
1075 3877 1214 3957 epirotia

99 3961 183 4107 plapti
201 3964 413 4028 custodiuntur
434 3968 467 4027 in
488 3966 612 4049 balneo,
634 3969 685 4027 nel
704 3968 825 4049 bagao,
847 3976 940 4050 pront
961 3967 997 4026 ab
1018 3963 1151 4046 expertia
1165 3963 1212 4024 di-

121 4067 238 4108 rcrmua.

188 4130 305 4216 ζυγόν
319 4129 560 4220 ιιῖαγγελίοο
581 4136 741 4200 τιθέναι
761 4158 792 4217 p.
810 4135 872 4202 146
885 4157 914 4198 v
932 4142 981 4200 12.
1025 4132 1088 4214 ogit
1108 4134 1212 4196 deor-

101 4216 256 4278 dinutionc
270 4218 425 4280 Athanasii
438 4221 627 4302 patriarchae
641 4220 976 4301 Conatantirropolitani,
998 4223 1030 4281 in
1047 4240 1107 4300 qua
1120 4241 1213 4300 quae-

101 4303 231 4366 rendum
246 4305 289 4366 uel¹
298 4303 525 4389 intelligentiam
537 4307 628 4370 liniue
640 4308 712 4383 loci,
734 4306 808 4387 quid
823 4309 863 4367 ait
876 4311 987 4388 iugum
1003 4312 1105 4368 cuncti
1118 4327 1212 4366 euan-
