2774 4784
208 309 287 383 790
514 304 751 377 OBSERVAT.
771 291 1012 376 ramulam

209 479 380 539 subtractae
394 475 469 536 teria
482 471 611 535 secunda
625 473 773 534 mundae
784 473 966 534 ieiuniorum
980 469 1206 548 hebdomadae,
1215 469 1280 532 hoc
1292 481 1334 532 eet

209 563 258 624 die
272 561 430 622 Februarii
442 562 557 623 decima
570 569 666 638 sexta,
678 569 715 620 ut
730 579 760 640 p.
773 563 837 625 377
847 577 880 627 v.
895 563 938 624 m
951 559 1102 634 refertur,
1125 557 1332 642 signifieatm-

211 651 272 728 que'
284 648 395 707 ibidem
409 665 496 708 curas
508 645 663 708 universas
675 644 863 726 imperatoris
877 643 916 704 ad
933 643 1110 719 curandam,
1133 644 1213 703 dum
1229 663 1330 724 aegro-

211 733 305 808 tavit,
326 743 357 792 et
373 741 533 813 postquam
547 733 609 792 iate
623 732 727 792 iuncta
745 739 805 812 est,
823 729 980 810 magnifico
998 749 1033 789 ac
1047 730 1131 808 regio
1147 732 1260 790 sunem
1273 729 1329 789 ho-

211 817 380 879 norandam
407 827 534 878 matrem
557 835 619 876 ease
643 835 813 883 conversae.
862 825 933 896 post
954 815 1110 876 Paschalea
1135 836 1200 876 non
1224 835 1329 894 magno

211 903 282 964 inde
303 903 461 963 intervallo
484 911 599 962 secutas
624 903 712 962 feriae
739 902 814 961 sh'aa
834 911 974 982 urgentes
996 901 1239 962 domesticorum
1259 901 1328 961 effa-

211 1001 318 1050 ctuurn
336 987 540 1049 solicitudines
553 987 719 1048 Andronici
733 987 867 1047 animum
890 1007 909 1045 a
930 987 1087 1066 cogitando
1106 987 1145 1048 de
1163 986 1327 1047 Athanasio

212 1083 404 1150 averterunt,
434 1093 507 1134 cure
529 1073 672 1134 nimirum
695 1071 887 1134 adornandae
912 1073 1104 1153 prorecticius
1126 1072 1234 1134 lrenes
1261 1091 1327 1133 suae

212 1159 346 1240 coniugis
358 1158 598 1220 Thessalonicam
614 1160 787 1239 cogitantis,
808 1167 839 1218 et
856 1159 1030 1240 nuptiarum
1047 1159 1168 1218 loannis
1189 1159 1328 1240 despotae

212 1247 259 1306 eui
281 1245 336 1304 filii
358 1265 427 1306 cum
447 1243 510 1304 fitia
527 1243 657 1305 Chumni
680 1245 727 1305 aui
749 1243 885 1325 primarii
908 1244 1036 1304 ministri
1058 1243 1328 1320 celebrandarum

214 1349 291 1410 quae
304 1331 401 1410 capite
414 1331 521 1410 quinto
537 1340 751 1406 memorantur,
772 1337 803 1389 et
818 1329 904 1390 facile
923 1329 986 1388 dies
999 1349 1017 1388 a
1029 1327 1143 1388 Pascha
1159 1329 1328 1408 quindecim

212 1417 411 1496 expleverint.
454 1415 562 1475 incidit
582 1426 683 1475 autem
703 1415 755 1476 illo
779 1435 858 1474 anno
879 1414 989 1475 Pascha
1008 1415 1040 1474 in
1061 1415 1143 1475 diem
1162 1419 1209 1483 29
1225 1415 1329 1476 unat

214 1501 319 1562 adulto
330 1501 425 1580 igitur
435 1501 495 1559 iam
509 1501 611 1580 Aprile
622 1510 810 1580 resumptum
822 1501 961 1560 ecelesiae
975 1499 1127 1580 negotium
1139 1511 1206 1578 αἱς
1221 1513 1252 1562 et
1263 1502 1329 1562 lon-

212 1606 266 1667 gae
286 1587 355 1645 illae
380 1606 407 1648 e.
431 1589 451 1652 6
470 1585 619 1644 indicatae
639 1585 756 1646 institui
780 1586 818 1644 ab
837 1587 980 1667 episcopis
1002 1585 1241 1648 deliberationes
1265 1605 1328 1647 ωο-

214 1681 283 1751 ptae
308 1671 387 1730 eirca
411 1671 748 1731 excommunicationem
767 1671 908 1732 aloanne
922 1667 1025 1732 cosma
1047 1693 1152 1733 coram
1169 1675 1205 1734 in
1221 1695 1254 1733 os
1269 1675 1329 1734 An-

215 1756 341 1818 dronico
355 1756 491 1836 Augusto
514 1753 713 1834 intentatam;
733 1757 842 1837 quibua
855 1757 1046 1838 absumptum
1061 1757 1181 1818 Alsium
1202 1777 1329 1819 mensur

215 1852 247 1903 et
261 1842 382 1902 lunium
402 1859 465 1901 non
481 1852 594 1902 temere
613 1841 747 1924 prudens
763 1843 935 1904 aestimator
948 1863 986 1903 ex
999 1843 1136 1904 historici
1152 1845 1260 1906 verbis
1278 1863 1329 1904 an·

215 1929 389 2003 tumaverit,
411 1927 508 1987 donee
524 1947 624 1988 mense
638 1928 729 2006 lulio,
751 1927 827 1988 nihil
842 1929 924 1989 abiis
940 1929 996 1988 sibi
1009 1929 1198 2010 sperandum
1212 1929 1330 1991 Andro·

217 2014 302 2076 nicus
320 2011 428 2074 videns
446 2011 486 2074 ad
502 2013 723 2095 exemptionem
740 2015 873 2094 scrupuli
892 2033 981 2094 quem
997 2016 1060 2075 eius
1073 2016 1180 2077 numo
1192 2017 1331 2078 uueoent

215 2099 457 2159 molestissimum
477 2099 631 2180 inopinata
651 2099 702 2159 illa
717 2099 837 2160 loannis
853 2101 975 2160 Casmae
995 2101 1193 2163 comminatio
1212 2123 1330 2163 exeom-

216 2186 444 2260 municationis,
465 2204 497 2244 se
512 2194 631 2246 vertere
645 2187 767 2264 statuit,
790 2197 821 2246 et
833 2185 924 2266 longo
935 2194 1069 2266 tempore
1084 2206 1142 2267 per
1155 2189 1266 2248 missos
1279 2207 1331 2247 va-

216 2271 277 2329 rios
296 2269 442 2329 eblandiri
456 2290 474 2327 a
486 2271 597 2332 Ioanne
611 2271 675 2354 ipso
690 2281 816 2332 conatus
831 2279 876 2332 est
889 2273 1110 2332 revocationem
1130 2273 1331 2334 anathematis

216 2355 313 2430 illius;
335 2357 420 2416 cuins
440 2356 562 2416 tandem
576 2357 641 2418 voti
659 2371 782 2438 compos
797 2367 841 2417 est
856 2360 968 2434 iactus,
989 2359 1021 2418 in
1036 2365 1176 2437 optatam
1192 2361 1254 2441 ipsi
1267 2379 1331 2420 sen-

111 2441 133 2494 P
150 2443 202 2500 572
219 2440 345 2500 tentiam
359 2440 440 2498 edita
453 2439 652 2501 declaratione
664 2441 844 2503 remissionis
859 2443 897 2503 ab
911 2443 1014 2502 eodem
1028 2444 1214 2523 impetratae
1227 2447 1332 2506 loanna

218 2525 343 2602 Cosma3
359 2544 450 2602 quana
463 2527 643 2605 scripturam
656 2526 822 2607 imperator
834 2529 948 2610 accepit
958 2530 1032 2589 seria
1046 2531 1097 2590 illa
1109 2541 1202 2592 sexta
1216 2531 1333 2591 eadem-

217 2629 276 2689 que
294 2610 342 2669 die
354 2609 493 2670 vicesima
513 2613 609 2690 prima
624 2613 734 2673 mensis
749 2615 889 2694 Augusti,
910 2627 1191 2695 supramemorata
1210 2619 1334 2698 saepius·

218 2695 300 2756 unde
317 2696 419 2756 triduo
431 2705 514 2775 post,
538 2697 586 2756 die
607 2699 715 2759 mensis
730 2701 861 2761 eiusdem
881 2701 1018 2761 vicesima
1031 2702 1119 2760 tertia
1135 2703 1334 2764 Athanasium

217 2783 249 2841 in
273 2782 351 2842 sedis
371 2781 580 2861 patriarchalis
607 2785 747 2868 iteratam
772 2785 984 2868 posseasionem
1006 2787 1178 2866 imperator
1203 2790 1334 2851 induxit

218 2887 255 2926 en
274 2877 310 2927 ut
325 2868 471 2928 successio
495 2878 527 2928 et
545 2878 706 2931 contextus
725 2881 861 2932 actorum
882 2871 961 2932 illiue
981 2874 1050 2932 anni
1067 2875 1213 2936 eumdem
1229 2897 1288 2936 nos
1307 2877 1334 2934 ia

216 2953 318 3012 locum
334 2953 517 3034 pedetentim
533 2955 633 3031 ducit,
655 2975 743 3034 quem
761 2959 867 3038 procul
879 2959 970 3036 ''quasi
983 2959 1214 3038 signaveramus
1229 2961 1336 3022 indicio
1384 3035 1385 3038 Ἴ

218 3037 322 3098 alteas
339 3040 518 3100 ostentantis
535 3040 717 3102 characteris
737 3043 954 3123 chronologici,
974 3043 1034 3104 hoc
1050 3054 1095 3104 eat
1110 3046 1336 3108 coniunctionis

217 3123 308 3182 leriae
328 3135 431 3184 sextae
452 3145 522 3185 cum
545 3126 594 3186 dia
611 3127 734 3207 Augusti
752 3133 813 3202 21;
838 3133 915 3208 quae
932 3130 1104 3190 coniunctio
1129 3152 1205 3192 cum
1228 3151 1336 3194 annun

217 3209 317 3290 exigat
332 3207 416 3288 cyclo
428 3211 498 3269 solis
514 3211 556 3277 25
575 3213 761 3296 insignitum,
784 3213 880 3294 qualis
890 3215 991 3275 nullus
1002 3215 1060 3274 isto
1073 3225 1261 3298 temporum
1276 3229 1336 3279 tn·

217 3301 271 3354 ctu
284 3295 358 3354 alius
372 3304 418 3354 est
432 3295 469 3354 ab
483 3315 562 3357 anno
575 3298 627 3375 qui
642 3299 673 3358 in
688 3319 754 3358 aera
762 3299 931 3360 Christiana
946 3309 1126 3360 numeratur
1140 3315 1277 3382 quartus
1289 3325 1335 3363 su-

216 3400 272 3460 pra
285 3381 527 3441 trecentesimum
540 3391 570 3441 et
582 3381 780 3462 millesimum,
795 3392 887 3446 restat
901 3385 1142 3448 demonstratum
1157 3389 1336 3451 annoChri·

216 3466 256 3523 sti
272 3465 370 3540 1304,
393 3467 441 3525 die
457 3471 498 3532 23
512 3467 654 3548 Augusti,
678 3471 797 3531 desiisse
810 3470 1048 3553 patriarchatum
1061 3473 1189 3534 loannis
1203 3478 1335 3548 mamae,

218 3547 418 3612 Athanasium
438 3562 539 3614 autem
551 3555 899 3637 Constantinopolitanae
921 3557 1058 3617 ecclesiae
1078 3559 1262 3638 praesidere
1282 3561 1336 3621 ita-

216 3653 285 3695 rum
297 3637 434 3718 coepisse.
454 3639 537 3698 unde
552 3642 744 3719 consequitur
753 3643 891 3703 loannem
900 3645 1036 3704 Cosmam
1051 3643 1335 3708 akalendislsnua-

216 3721 268 3780 riis
281 3724 353 3782 anni
370 3723 481 3782 Christi
498 3727 581 3792 1294
593 3723 631 3784 ad
647 3725 724 3787 diem
739 3733 780 3796 23
795 3730 919 3808 Augusti
934 3730 1004 3789 anni
1024 3727 1139 3790 Christi
1158 3734 1262 3810 1804,
1285 3753 1335 3792 an·

216 3807 263 3865 nis
276 3827 403 3884 novem,
424 3817 537 3888 septem
554 3811 705 3872 mensibus
719 3821 750 3873 et
764 3819 806 3882 22
823 3825 978 3895 praeterea
995 3813 1118 3895 diebus,
1143 3819 1335 3898 patriarcha·

215 3901 283 3952 tum
297 3895 436 3956 tenuisse.
1093 3907 1094 3910 ’

264 3974 271 3988 '
301 3979 364 4042 Vll.
408 3979 513 4042 Restat
527 3979 578 4040 hic
594 3980 782 4044 definiendus
802 4005 899 4045 annus
921 3985 1019 4046 eventi
1035 3984 1183 4046 notabilis
1199 4007 1219 4047 a
1236 3995 1334 4050 nostra

215 4061 360 4125 historico
374 4066 462 4125 relati
477 4066 498 4128 l.
512 4072 531 4132 3
546 4088 572 4129 c.
583 4069 636 4148 24,
659 4070 741 4148 quod
756 4071 819 4130 sine
831 4071 923 4132 dnbio
937 4071 977 4131 ad
987 4071 1237 4154 patriarchatum
1253 4075 1334 4135 loan-

215 4148 261 4206 nis
277 4149 399 4210 Cosmae
420 4150 471 4210 hic
492 4170 508 4209 a
535 4153 620 4213 nobis
641 4155 851 4236 chronologica
871 4159 987 4218 ratione
1012 4156 1177 4218 delinitum
1195 4160 1332 4240 pertinet.

214 4233 306 4291 refert
325 4235 392 4294 loco
410 4237 533 4297 laudato
548 4238 745 4321 Pachymeres
759 4261 867 4323 pueros
882 4243 1046 4322 quosdam,
1073 4242 1151 4303 dnm
1167 4264 1274 4307 mense
1287 4247 1332 4304 s:-

212 4316 344 4395 ptembri
359 4321 453 4382 nidos·
463 4321 672 4387 columbarum
685 4329 717 4388 in
729 4327 974 4390 Gateehumeneis
990 4337 1225 4410 scrutarentur,
1249 4341 1331 4393 testas

164 4599 211 4770 l
