2842 4882
216 388 293 460 ιον
373 405 381 430 ν·
435 357 470 412 ‘⁴
535 386 714 470 cronon
734 329 1034 456 elculnsnrs.

215 559 447 648 δινσληφδίντι·
474 560 538 626 deii
552 559 611 647 γδρ
620 567 686 635 τοῖς
699 566 756 644 τῆς
768 566 832 654 τόν
846 557 1004 648 ἀρχόντων
1015 561 1067 624 ἐπὶ
1081 556 1324 646 πλημμελήμασι

182 693 184 696 ·
214 666 366 749 τιμωρίας
380 662 437 746 οὐχ
450 652 544 746 ἦττον
556 659 729 747 κολόόειςιῆ
745 660 916 746 καθάρσεις
931 662 1028 739 οόσας
1041 663 1130 739 ίδίοις
1142 661 1319 748 προσήκειν,

215 771 253 834 εί·
262 769 409 850 μίλλοιεν.
422 766 452 832 oi
470 765 526 848 μίν
549 761 729 846 κολάζοντες
741 768 906 852 κερδαίνειν
915 815 926 847 ,
954 767 984 832 oi
1000 767 1035 832 dl
1051 765 1136 832 δεινὰ
1150 763 1321 850 πάσχοντες

215 871 424 960 ὠφελεῖσθαι,
452 869 530 935 κατὰ
542 871 599 953 τὴν
613 873 655 946 είς
669 869 795 935 corintio
808 872 914 954 χρείαν
929 870 965 936 τό
980 867 1133 955 χρήσιμον
1147 867 1319 956 παρεξόμε-

108 989 131 1042 Ρ
146 989 198 1046 299
215 1003 271 1042 νοι.
325 977 388 1041 luel
412 973 445 1038 dl
459 970 475 1038 ὁ
489 973 545 1056 μίν
561 970 749 1058 ιΝοστόγγος
770 970 850 1038 κατά
872 999 940 1038 τινα
962 971 1108 1056 ίλπισμδν
1120 976 1346 1055 οομπαθείαςό

213 1085 381 1164 τῆςμονῆς
396 1073 544 1148 όπιλόιτο
551 1125 562 1157 ,
589 1073 608 1160 ἦ
625 1077 658 1146 δὲ
682 1083 738 1160 τῆς
751 1075 921 1162 Ιὀλιγωρίας
934 1072 1012 1154 δόξα
1026 1078 1077 1142 καί
1089 1075 1133 1142 ἔτι
1147 1076 1320 1157 ἀναζέουσιν

214 1175 264 1266 ἦν,
291 1184 342 1248 καί
360 1179 436 1246 δείν’
454 1179 532 1246 ἅττα
547 1179 621 1256 roric
634 1185 679 1267 τῷ
693 1176 816 1268 μεγάλῳ
829 1182 916 1244 deuel
931 1179 1165 1264 προσκειμίνοος
1180 1177 1320 1262 δ’πίσμν-

211 1311 287 1370 χον,
315 1285 602 1369 εἰκατορρονοῖτο,
629 1284 679 1346 καί
697 1279 834 1364 μάλιστα
851 1282 936 1367 nepti
953 1289 1015 1348 τῶν
1026 1271 1201 1348 δοκοόντων
1221 1285 1272 1348 καί
1285 1285 1318 1350 ἓν

215 1388 314 1480 ἀξίαις
327 1392 406 1472 (τοῖς
418 1387 477 1470 γὰρ
494 1386 702 1470 καιριωτίροις
712 1385 834 1468 μίρισιν
843 1433 853 1465 ,
875 1383 950 1451 όταν
967 1385 1045 1474 ἐνδῷ
1059 1385 1137 1472 πρδς
1152 1385 1188 1451 sd
1200 1396 1315 1471 χεῖρον,

109 1573 111 1576 ¹
213 1488 331 1576 ἀνάγκη
355 1485 624 1575 σννδιισνρόρθαι
644 1490 695 1554 καί
710 1487 751 1553 τό
772 1485 881 1568 ioanni,
906 1487 946 1572 ἢν
956 1484 1001 1573 μή
1014 1513 1060 1565 τις
1074 1487 1202 1577 ἐπίσχῃ)
1208 1538 1219 1570 ,
1245 1487 1316 1556 τότε
1326 1499 1360 1554 10

133 1609 135 1622 “
215 1591 361 1676 βασιλεδς
380 1594 507 1676 πίμιμας
528 1591 593 1677 όγει
614 1594 664 1658 καί
687 1590 901 1678 όμφοτίροος,
929 1593 979 1656 καὶ
997 1591 1036 1675 δὴ
1052 1589 1151 1682 ἡμίρρ
1166 1589 1317 1680 καριωνό-

213 1722 289 1786 μορ,
335 1700 623 1779 Μαιμακτηριῶνος
649 1690 988 1798 τεσσαρεσκαιδεκάτη,
1028 1696 1102 1772 eoric
1126 1697 1196 1780 περί
1221 1695 1318 1762 criseis

58 1827 74 1881 ’.τι
177 1795 513 1883 Βποραστησόμενος,
548 1792 711 1884 παρόντοιν
732 1796 895 1878 κάκείνων,
928 1798 1026 1864 πολδν
1040 1799 1097 1881 μίν
1115 1795 1206 1884 λόγον
1220 1797 1316 1886 παρί-

134 1963 136 1978 ,
212 1929 289 1968 cesse
306 1905 509 1988 δημηγορῶν,
535 1907 579 1990 sq‘s
599 1901 656 1984 μὲν
677 1903 777 1967 δοκεῖν
792 1897 1030 1982 καθαπτόμενος
1048 1907 1105 1966 τοῦ
1119 1899 1312 1987 Νοστόγγον,

210 2006 247 2072 sd
266 2007 300 2071 δὲ
319 2006 523 2071 πλεῖστονκαὶ
537 2001 615 2090 δπὲρ
629 2009 687 2069 τοῦ
702 2001 836 2089 μεγάλου
854 2003 966 2080 δοοκδς
984 2003 1062 2090 πρός
1075 2002 1148 2079 roric
1166 2012 1351 2088 μεγιστᾶ-15

208 2135 265 2186 νας
279 2105 536 2195 ἀπολογούμενος,
566 2104 608 2184 ὦς
621 2109 718 2192 μηδὲν
731 2106 862 2186 ἀναξίως
877 2105 935 2174 κάκ
948 2113 1007 2172 τοῦ
1021 2109 1222 2194 παρείκοντος
1233 2105 1311 2193 μήτ’

206 2310 270 2364 sons
285 2309 346 2376 sint,
362 2309 389 2364 in
406 2327 437 2362 eo
457 2307 542 2381 oepite
557 2325 664 2378 poenem
679 2307 798 2362 constitui
814 2307 882 2380 quod
898 2307 1012 2364 intimum
1029 2306 1092 2379 ipsis
1109 2311 1136 2362 ei
1146 2308 1312 2364 cerumscis·

206 2387 250 2432 tur
267 2397 340 2444 esse,
360 2379 484 2448 cuiusque
500 2379 616 2432 demuum
638 2395 670 2431 ec
692 2379 765 2431 lebor
787 2379 820 2430 cd
843 2395 944 2432 sensum
970 2378 1068 2432 illorum
1086 2379 1182 2431 effectu
1199 2384 1226 2430 et
1243 2397 1313 2432 com·

204 2449 324 2518 psseionc
347 2453 517 2518 propagetum
540 2446 573 2498 iri
597 2465 646 2501 non
673 2447 707 2500 eit
736 2447 847 2500 dubium.
888 2447 983 2517 elloqui
1007 2447 1165 2515 contingeret
1189 2447 1311 2502 lrustreri

204 2521 266 2569 veto
291 2533 337 2570 euo
359 2517 482 2581 iudicem,
505 2515 550 2585 qul
575 2531 633 2568 cum
654 2532 750 2584 poenes
773 2515 914 2570 istiusmodi
939 2517 1021 2570 minus
1037 2517 1143 2570 ultrices
1159 2533 1217 2570 esse
1233 2532 1311 2586 quem

204 2585 369 2655 purgetrices
387 2585 458 2652 velit,
477 2583 612 2652 megisquo
629 2591 702 2654 optet
719 2585 852 2638 emendari
869 2601 916 2654 per
932 2603 978 2638 ees
994 2584 1020 2636 in
1037 2593 1166 2654 posterum
1183 2585 1228 2654 qui
1246 2586 1313 2638 deli-.

204 2654 277 2724 quit,
301 2671 375 2722 quem
399 2654 456 2722 ipse
473 2654 525 2706 frui
543 2653 675 2706 dulcedine
691 2653 838 2718 vindictae,
855 2654 924 2706 istud
942 2655 1010 2724 quod
1029 2673 1044 2708 c
1064 2655 1222 2722 reipublicse
1239 2655 1311 2710 utili-

203 2727 259 2776 tete
276 2727 386 2792 spectet,
403 2722 502 2776 minine
519 2732 700 2792 assequeretur
716 2723 855 2778 saeviendo
873 2723 898 2774 in
915 2740 1049 2792 pereouem
1068 2723 1256 2778 indifferentem
1273 2722 1310 2776 illi

222 2807 280 2844 uem
296 2791 417 2860 primerio
433 2791 490 2844 vult
505 2791 627 2860 plectere.
662 2792 700 2845 sic
716 2800 778 2846 tuno
796 2793 916 2846 eludebat
932 2792 1071 2863 imperetur
1086 2794 1215 2848 studiosos
1226 2792 1310 2860 σειραὶ

203 2809 278 2914 lucie
295 2878 401 2929 poenmu
419 2859 546 2928 Nestongi
567 2861 735 2929 postulantes.
771 2879 858 2914 verum
881 2879 938 2914 cum
954 2861 1089 2916 occidisset
1105 2861 1234 2932 eliquanto
1251 2865 1310 2931 post

203 2929 268 2984 bsec
286 2929 389 3000 prodire
405 2947 420 2982 e
437 2946 484 2982 suo
508 2930 579 2996 eeylo
598 2930 774 2999 Nostongnm,
797 2947 843 3000 spe
860 2931 968 2999 quedem
986 2940 1112 2999 coucepts
1129 2930 1253 3000 percituri
1269 2931 1310 2983 fs-

203 2997 253 3052 cile
277 2999 328 3053 sibi
345 2999 469 3069 Augusti,
487 2999 511 3052 ei
528 3000 685 3056 committere
701 3016 731 3052 se
748 3017 819 3052 reum
842 2999 923 3069 ipsius
939 2999 1088 3054 clementiee
1106 2999 1228 3064 vidisset,
1249 2999 1309 3050 dum

203 3068 231 3120 id
248 3068 331 3138 ipsum
348 3070 430 3132 eulee,
448 3077 477 3120 ut
493 3069 533 3134 lit,
549 3069 708 3122 sermonibus
725 3071 880 3133 celebretur,
896 3067 1099 3132 suimedrermm
1116 3079 1157 3122 cst
1173 3068 1253 3136 meqie
1270 3068 1309 3120 in·

204 3141 323 3191 cumhere
347 3137 443 3192 iudicis
465 3147 610 3205 snegnetusn
645 3141 824 3207 plerorumque
846 3137 872 3190 in
900 3138 1121 3206 reprehensionem
1145 3136 1309 3206 usogentiee

203 3207 287 3274 καιροὶ
304 3207 392 3272 ducis,
410 3206 454 3276 qui
471 3206 632 3275 Nestonpuur
656 3225 773 3275 megnunr
790 3206 1006 3270 hetaerierchem,
1023 3206 1150 3275 dignitete
1166 3223 1200 3259 ec
1215 3204 1309 3259 neteli-

202 3277 251 3329 bus
269 3276 431 3344 conspicuum
448 3275 582 3341 bominem,
599 3277 671 3330 velut
687 3277 720 3328 de
738 3276 814 3346 plebe
832 3276 985 3354 quempiam,
1003 3275 1166 3344 contemptim
1183 3283 1212 3328 et
1227 3275 1308 3344 impe·

200 3345 271 3398 rioee
288 3351 436 3400 trectnsset.
491 3362 539 3398 use
562 3344 672 3412 gliscens
694 3345 793 3398 invidie
817 3362 874 3398 cum
892 3343 964 3398 ducis
982 3345 1066 3410 menni
1081 3345 1226 3398 leuioribus
1242 3343 1309 3398 inie-

200 3413 280 3467 cisset
296 3431 399 3478 curem,
424 3363 492 3482 quel
509 3431 566 3466 eum
583 3414 633 3466 iarn
656 3415 781 3468 contemni
803 3431 835 3468 ec
852 3415 952 3466 traduci
970 3414 1063 3482 psseim
1081 3432 1098 3467 e
1115 3412 1265 3483 proceribus
1281 3419 1308 3466 et

201 3483 349 3536 constitutis
366 3483 392 3535 in
411 3483 538 3552 dignitate
563 3483 625 3536 viris
661 3483 771 3536 rimeriis
787 3483 927 3546 sidebent,
951 3483 1130 3552 intelligebant
1147 3490 1232 3535 eutem
1249 3499 1308 3536 seu·

200 3569 244 3606 eus
261 3561 290 3606 et
305 3551 402 3605 iudicis
424 3559 574 3607 summeium
597 3499 671 3605 focile
695 3552 722 3605 iu
739 3553 830 3622 vulgus
853 3569 954 3622 quoque
970 3569 1094 3622 serpere,
1116 3551 1308 3621 periculumque

198 3623 270 3684 fore,
296 3623 436 3676 nimature
453 3629 644 3686 occurreretur,
668 3639 701 3674 ne
723 3621 895 3676 communibus
917 3639 977 3674 οισι
993 3633 1021 3674 et
1036 3620 1188 3674 unanimiter
1206 3619 1308 3690 conspi-

198 3692 318 3746 rantibus
333 3690 471 3761 primorem
491 3690 565 3742 iuste
581 3689 776 3760 inlimorunrque
792 3709 857 3744 unus
879 3689 944 3744 odiis
961 3691 1079 3744 obiectus⁴
1091 3690 1158 3743 beud
1176 3688 1309 3772 perresi-

198 3761 289 3814 slendo
308 3767 386 3825 esset,
404 3760 477 3842 npsie
494 3759 674 3828 impereturem
690 3761 820 3814 instantiis
837 3760 1086 3844 &succurrendum
1107 3759 1149 3842 isti
1166 3756 1307 3842 discrimini

197 3829 448 3964 ltillfflinll
462 3829 1016 3969 {ltl”2tt.f¹'t,⁶¹;tl3‘;tdtll·llll
1029 3829 1306 3978 tradididit

196 3985 257 4036 gum
274 3977 302 4022 et
320 3968 430 4021 scribam
448 3966 531 4020 iussit.
565 3974 644 4037 etque
661 3969 703 4022 hic
719 3968 820 4037 longene
837 3967 902 4022 setis
917 3968 1047 4036 ingressus
1063 3966 1203 4020 orationem
1219 3983 1306 4034 specte

194 4035 330 4090 invehendi
346 4037 372 4090 in
390 4035 565 4105 Ncstongum,
590 4039 723 4090 meximem
747 4056 777 4090 re
799 4054 862 4091 rere
885 4037 1007 4090 sermonis
1035 4043 1134 4106 pertem
1151 4034 1307 4103 comunpeic

194 4105 221 4157 iu
240 4107 373 4190 pupgendo
389 4106 626 4190 spedpmrsrrtes
644 4114 777 4190 magnetes
800 4107 865 4191 dupe
881 4123 973 4174 meguo
990 4105 1105 4190 setisque
1122 4105 1192 4158 illiue
1208 4109 1235 4156 et
1252 4102 1307 4186 epis

194 4177 344 4298 sitiit
360 4176 1141 4314 illidit,tll⁹22²dt⁰¹t¹¹ltllrnt⁰l²⁰„illd
1157 4188 1306 4296 ‘tried

193 4312 354 4368 liberalitate
371 4313 527 4374 excessisse,
549 4329 633 4382 neque
656 4313 726 4367 illum
743 4315 874 4384 accepisse
891 4331 907 4366 e
924 4331 953 4366 ee
968 4312 1107 4382 quidquem
1123 4329 1175 4381 quo
1193 4327 1244 4368 non
1259 4309 1307 4362 de-

194 4379 271 4436 beret
285 4382 394 4440 iudiceri
410 4381 589 4451 dignissimus,
611 4382 709 4454 quippe
724 4383 769 4454 qui
785 4385 835 4440 ism
852 4391 989 4455 cutequem
1005 4382 1056 4437 buc
1072 4381 1226 4450 sdveuiret,
1250 4395 1306 4436 me·

68 4783 81 4812 ί

38 4675 221 4874 Δ
