2782 4770
239 271 284 344 18
339 353 341 356 ,
549 267 731 340 GEORGll
750 269 1015 340 raffltufflms

234 447 356 528 δναζεῖν
368 451 481 512 πείθον
495 445 553 510 καί
562 441 616 509 ris
630 439 737 510 εάνουν
752 440 954 523 ἀποπατεῖν,
981 439 1078 508 osiris
1090 439 1129 507 δδ
1138 437 1207 508 νέον
1217 444 1261 517 είς
1273 441 1334 528 ἀρ-

216 551 292 636 χὴν
311 545 540 631 καθιστάμενον
559 543 694 631 ἀνάγκην
714 545 789 628 έχειν
811 545 848 612 νδ
872 545 1028 631 ἀνορμαῦν
1047 545 1261 610 καταστέλλειν
1281 545 1336 611 καί

216 679 277 739 γε
290 653 347 728 τάς
365 649 510 738 γνώμας,
539 645 679 716 καθόσον
702 647 784 729 ibes,
816 654 879 714 τῶν
900 645 1130 730 ὑποδεξομένων
1153 649 1330 734 έξημεροῦν.

216 755 367 830 -πολλοδς
380 758 400 819 δ
404 751 415 778 ’
430 749 551 820 ἀκαάεεν
565 755 724 835 σχίζεσθαι
738 753 790 817 καί
811 746 962 836 μεγάλους
976 751 1258 836 προφασιζομένους
1274 749 1331 834 τὴν

138 867 141 880 “
221 865 291 924 .τοῦ
309 856 423 944 Ἰωσὴφ
444 851 640 940 ἀναχώρησιν
664 856 714 920 καί
733 853 769 920 τὸ
792 849 966 921 σκάνδαλον
990 851 1060 937 ὃδὴ
1074 850 1193 937 πρωίζά
1205 854 1358 938 §volam

195 983 218 1037 Β
236 959 292 1038 ode
305 965 446 1046 παρορᾶν
467 958 547 1042 μηδ’
568 957 648 1036 ὅλως
663 955 825 1044 ξυμφέρειν
837 959 945 1024 νεωστί
956 961 1173 1042 μοναρχοδντε.
1223 958 1275 1021 καί
1290 956 1330 1038 δν)

222 1067 283 1129 καί
301 1063 352 1129 ἐπ’
370 1059 454 1152 αάτῷ
465 1087 498 1147 γε
518 1062 662 1146 μεγίστην
677 1061 892 1147 πληροφορίαν
914 1059 990 1144 ἔχειν
1005 1056 1127 1144 ἀγάπης
1140 1049 1178 1141 ἧς
1190 1055 1256 1143 ᾔδεε
1273 1065 1331 1142 τῆς

231 1166 293 1232 ἀπ’
317 1165 430 1232 ἐκείνου
451 1164 528 1250 πρδς
549 1161 677 1245 ἔαυτόν,
702 1163 756 1246 μὴ
774 1159 870 1246 μόνον
885 1157 1074 1247 πατριάρχου
1097 1161 1188 1244 τιμὴν
1202 1155 1283 1226 ἀλλά
1296 1185 1330 1246 γε

226 1270 266 1353 δὴ
281 1270 332 1334 καί
347 1268 427 1351 ζωὴν
443 1267 541 1347 αὐτὴν
554 1263 631 1350 δπίρ
644 1270 708 1332 τοῦ
721 1265 873 1348 βασιλέως
891 1271 1058 1350 προεῖσθαι
1079 1265 1199 1348 καὶτῆς
1214 1264 1329 1330 ἐκείνου

225 1369 414 1446 συστάσεως.
468 1369 570 1444 ἀλλως
589 1369 693 1452 μέντοι
712 1368 793 1452 μηδέ
812 1374 911 1452 χολᾶν
941 1367 1052 1446 ἀξιῶν,
1093 1365 1191 1449 αὐτὴν
1214 1367 1329 1450 ε’κείνην
1338 1384 1374 1438 10

225 1474 283 1556 τὴν
298 1471 420 1558 ἀγάπην
442 1470 481 1556 ἣν
498 1470 573 1558 ᾔδει
586 1474 638 1536 καί
652 1471 708 1555 τὴν
727 1470 818 1555 τιμὴν
841 1472 950 1548 ἕξοντα
975 1469 1057 1557 παρ’
1078 1468 1194 1548 αδτοῦ,
1229 1471 1256 1534 εί
1277 1471 1329 1534 καί

217 1575 324 1652 «ἀλλος
342 1582 400 1659 τῆς
423 1575 584 1658 ἐκκλησίας
600 1571 817 1660 προστήσεται.
853 1576 1023 1639 καὶταῦτα
1042 1571 1245 1655 μδνπέμπων
1274 1571 1329 1638 τὸν

191 1689 215 1742 G
233 1674 468 1762 Μελιτηυιυίτην
483 1675 707 1763 χαρτοφάλακα
723 1680 774 1743 καί
789 1671 1004 1764 ἀρχιδιάκονον
1014 1681 1144 1761 θερμῶς
1159 1673 1216 1758 τὴν
1231 1669 1329 1760 ἀνάγ-

227 1809 284 1866 κην
301 1781 495 1866 ἀπελογεῖτο,
526 1783 642 1848 ἐκεῖθεν
659 1782 693 1846 δὲ
707 1777 1004 1866 συνδιανυκτερεάων
1017 1785 1061 1868 τῷ
1070 1775 1184 1862 Ἰωσὴφ
1199 1778 1328 1854 καὶτοῖς

227 1887 296 1972 περὶ
314 1886 427 1951 ἐκεῖνον
441 1884 497 1966 τὴν
514 1885 555 1958 είς
570 1882 605 1948 τδ
621 1884 1047 1970 πατριαρχεῖονπροκαθίστα
1062 1877 1224 1963 ἀνάβασιν.
1276 1937 1280 1944 .
1337 1895 1372 1952 15

152 1999 210 2054 1³9
331 1983 367 2057 4.
413 1983 451 2053 ‘O
472 1986 527 2070 μέν
548 1979 603 2052 oda
620 1983 765 2069 Ἰωάννης
784 1988 836 2052 καί
854 1985 955 2061 άλλως
970 1982 1067 2060 εάθδς
1082 1981 1142 2066 oie,
1170 1981 1214 2048 i‘sc
1228 1982 1329 2048 δὲκαὶ

225 2096 283 2176 τῆς
297 2097 353 2160 τοῦ
372 2087 564 2176 πατριάρχου
586 2095 677 2175 τιμῆς
700 2084 849 2177 ἐπικάρως
871 2087 965 2173 ἔχων,
993 2084 1035 2166 ὥς
1049 2082 1195 2163 πολλάκις
1211 2087 1262 2151 καί
1276 2085 1329 2150 λέ-

225 2259 281 2308 tatc
297 2249 415 2304 lirmandi
430 2249 490 2304 novi
511 2249 675 2320 principatus.
708 2268 766 2304 nam
790 2249 960 2306 effervmcere
975 2268 1043 2305 nunc
1058 2267 1134 2321 quam
1152 2264 1222 2319 unqu
1281 2264 1328 2300 aa·

225 2323 339 2378 stnosius
355 2319 441 2387 sopita
456 2325 532 2386 patre
547 2321 652 2372 virente
668 2319 753 2374 studia
771 2320 881 2390 partium
904 2320 962 2392 paci
979 2320 1134 2374 constitutae
1152 2320 1217 2372 advo
1293 2335 1326 2384 m,

225 2391 342 2458 adeoque
357 2387 517 2440 invalescere
533 2389 687 2453 scandalum,
704 2398 735 2442 ut
750 2391 831 2444 bonos
848 2389 925 2442 etiam
938 2398 965 2442 et
981 2397 1074 2440 natura
1091 2387 1213 2456 placidos,
1234 2388 1326 2440 nedum

224 2459 377 2528 impotentes
392 2472 423 2507 ac
435 2457 604 2524 praefractos,
622 2459 721 2510 resilire
738 2476 769 2512 ac
785 2457 912 2512 rebellare
927 2458 1011 2528 palam
1028 2465 1114 2536 cogat.
1147 2455 1253 2508 Abunde
1270 2473 1328 2510 ms·

224 2529 282 2596 gnis
296 2526 421 2593 agitatum
438 2524 548 2577 motibus
564 2524 698 2595 imperium
733 2527 862 2582 erveuisse
876 2527 910 2580 ad
929 2543 974 2592 se,
995 2530 1025 2578 ut
1047 2534 1083 2579 srt
1107 2523 1159 2594 ipsi
1175 2531 1263 2576 tenera
1279 2542 1327 2576 as-

224 2603 281 2650 tate
298 2611 404 2662 reguum
425 2593 567 2663 auspicanti
591 2593 657 2648 omni
675 2545 810 2650 seddlitsta
851 2593 1033 2648 recessendum
1049 2611 1083 2646 ne
1099 2591 1171 2646 novis
1188 2599 1328 2663 praeterea

222 2664 342 2734 procellis
360 2663 459 2716 misceri
473 2663 654 2732 rempublicam
670 2664 810 2733 contingat
836 2664 863 2716 ad
880 2663 948 2716 haud
964 2662 1042 2716 duhie
1058 2664 1170 2716 tutorum
1186 2661 1243 2724 nisi,
1260 2678 1327 2730 qaa-

222 2737 298 2786 tenus
314 2733 355 2786 les
372 2736 421 2796 est,
439 2747 454 2783 a
471 2749 500 2785 sc
516 2731 668 2786 deliniantur
684 2733 760 2786 animi
776 2733 910 2786 multorum
925 2731 1040 2802 inquiete
1063 2730 1215 2784 inhiantium
1240 2735 1326 2784 muta-

222 2799 285 2855 tioni
310 2817 342 2854 ac
367 2801 459 2853 turbis.
492 2800 636 2868 intelligere
661 2817 691 2856 sa
714 2800 820 2854 vocibus
844 2801 979 2854 multorum
1002 2799 1106 2854 efferari
1129 2799 1264 2871 plerosque
1279 2817 1325 2853 re·

221 2869 341 2924 ductione
358 2870 386 2924 iu
410 2868 523 2923 ordinem
539 2868 655 2938 Iosephi,
681 2887 757 2941 quern
780 2887 870 2924 verurn
892 2871 976 2924 adhuc
999 2887 1056 2923 asse
1099 2869 1250 2923 striarcharo
1276 2885 1326 2922 su·

221 2943 339 3003 tument,
363 2943 391 2991 et
414 2937 442 2990 vi
466 2939 537 2992 aiunt
559 2937 655 2992 iniusta
677 2939 808 3010 prohiberi
829 2941 862 2992 ab
885 2939 1026 2994 exercendo
1042 2887 1167 2993 ecclesiae
1184 2937 1325 3004 regimine3

221 3008 291 3060 unde
308 3013 391 3060 crtum
407 3009 562 3064 contendunt
587 3006 657 3077 quod
680 3025 761 3077 nuper
784 3007 872 3062 extitit
892 3007 1053 3074 suadelam,
1077 3007 1276 3078 tranquillitate,
1300 3005 1324 3060 si

222 3077 314 3130 throno
331 3075 373 3128 ille
390 3075 550 3140 restituatur,
567 3077 655 3130 statim
670 3077 737 3130 ultro
755 3077 878 3130 reditura.
912 3076 980 3131 haud
1003 3075 1053 3130 sibi
1072 3095 1130 3130 esse
1145 3083 1227 3130 tutum
1243 3075 1270 3128 iu
1282 3081 1325 3130 te-

221 3143 293 3198 neris
309 3143 387 3198 initiis
404 3144 502 3213 imperii
518 3145 649 3214 negligere
665 3152 705 3198 tot
722 3147 829 3204 istorum
849 3164 880 3200 ac
896 3157 948 3200 tarn
966 3151 1097 3215 potentum
1114 3145 1195 3198 minas
1211 3161 1325 3214 appara-

221 3219 315 3281 tusque
339 3213 491 3266 novitatum.
526 3213 703 3268 exarmandam
732 3215 781 3268 sibi
805 3232 863 3268 esse
885 3215 1020 3269 factionem
1042 3213 1165 3267 demendo
1187 3219 1325 3282 praetura

222 3282 369 3348 schismati,
392 3282 416 3335 si
441 3282 578 3351 periculum
596 3283 828 3354 praesentissimum
852 3283 986 3338 aurittendi
1002 3282 1162 3354 principatus
1178 3282 1242 3336 velit
1256 3281 1324 3336 suo-

222 3367 302 3420 gere„
327 3351 404 3420 plane
425 3351 553 3404 confidere
576 3369 606 3404 se
629 3370 662 3405 ex
682 3363 818 3422 perspecta
840 3353 941 3406 Ioannis
957 3353 983 3405 iu
999 3370 1058 3406 sese
1070 3354 1188 3414 caritate,
1206 3361 1324 3420 paratum

222 3436 281 3472 euru
297 3437 343 3488 pro
360 3436 407 3472 sua
422 3419 585 3490 imperatoris
608 3419 727 3474 incolumi
750 3421 890 3476 securitate
905 3439 955 3475 nou
973 3420 1048 3475 modo
1063 3419 1259 3490 patriarchalem
1274 3438 1324 3489 pa-

221 3487 283 3541 cisci
308 3488 473 3556 dignitatem,
499 3489 545 3542 sed
568 3489 647 3542 vitam
668 3509 771 3560 quoquc
792 3491 873 3561 ipsam
895 3490 1059 3560 profundere.
1094 3509 1142 3544 nec
1166 3507 1227 3543 sero
1244 3507 1324 3558 aegre

220 3557 292 3610 serre
316 3565 361 3610 aut
383 3555 511 3626 indignari
533 3557 629 3612 debere
651 3558 734 3628 ipsura
757 3559 824 3628 quod
848 3567 900 3612 tam
917 3558 1068 3612 necessariis
1082 3559 1115 3613 de
1132 3559 1214 3616 causis
1230 3560 1323 3613 throno

221 3625 349 3694 tantisper
373 3626 465 3680 cedere
488 3636 611 3695 cogatnrr
639 3627 679 3680 cui
702 3628 792 3697 utique
814 3627 953 3698 imperator
977 3621 1102 3698 'spondeat
1127 3628 1184 3698 pari
1208 3629 1275 3696 apud
1292 3645 1323 3682 se

220 3699 321 3761 gratiae
337 3694 393 3747 loco
411 3712 442 3748 ac
459 3696 539 3765 prius,
557 3695 614 3764 pari
629 3697 815 3751 existimatione
830 3714 862 3749 ac
880 3697 1027 3766 dignatione
1045 3697 1156 3764 honoris,
1173 3696 1216 3750 ubi
1231 3697 1263 3749 sd
1281 3697 1323 3752 νί-

220 3770 274 3815 tam
291 3762 417 3832 privatam
434 3765 541 3817 redierit
557 3769 678 3830 loturum,
691 3771 775 3818 utcuru
795 3783 827 3818 ue
843 3765 908 3819 alius
924 3783 970 3836 pro
988 3784 1018 3818 ec
1035 3765 1158 3819 ecclesiae
1174 3769 1323 3835 preelectu-

219 3845 276 3884 raur
294 3837 376 3900 gerat.
402 3832 467 3884 haec
483 3851 530 3902 per
547 3833 768 3902 chartophylacem
813 3833 966 3888 ahteniotem
983 3839 1011 3886 et
1026 3835 1229 3888 archidiaconum
1246 3835 1324 3890 iussit

219 3899 381 3952 Andronicus
399 3918 414 3953 a
430 3919 459 3956 sa
476 3903 616 3974 renuntiari
632 3903 726 3967 Vacuo,
743 3903 841 3956 solicite
856 3905 1033 3958 necessitatem
1050 3919 1173 3958 excusans
1190 3921 1257 3973 quae
1272 3905 1324 3975 ipsl

218 3965 274 4022 tale
291 3969 433 4034 consilium,
459 3977 489 4024 ut
511 3971 611 4035 aiebat,
638 3977 805 4054 extorqueret
819 3972 978 4028 invitissimo.
1013 3973 1115 4026 iuterim
1131 3973 1188 4042 ipse
1204 3990 1325 4042 maguam

219 4037 332 4092 noctium
347 4045 447 4108 partem
464 4058 519 4092 cum
537 4041 594 4094 losa
614 4040 646 4092 ho
663 4047 691 4094 et
709 4057 764 4092 arus
780 4041 900 4096 studiosis
917 4041 1069 4110 transigam,
1084 4041 1172 4096 sedulo
1190 4042 1324 4098 consults-

219 4105 266 4159 bat
282 4125 334 4229 qua
351 4108 447 4178 optima
463 4107 566 4162 ratione
580 4058 624 4164 ills
641 4109 731 4178 reponi
747 4110 863 4164 thronum
880 4110 907 4163 in
923 4112 1121 4182 patriarchalem
1138 4117 1234 4181 posset.

306 4215 312 4227 .
346 4177 456 4230 Ioannes
471 4195 563 4247 porro,
588 4176 633 4246 qui
658 4183 685 4229 ct
702 4177 803 4231 aliunde
819 4185 906 4236 rectus
931 4189 1015 4248 esset,
1036 4198 1163 4253 quemque
1183 4185 1323 4252 praeterea

173 4293 183 4310 ,
217 4241 298 4300 satias
313 4245 364 4326 iam
381 4245 492 4320 cepisset
506 4245 686 4320 patriarchalis
701 4247 854 4316 hamarlant
869 4267 948 4322 saepe
964 4249 1041 4306 dictis
1058 4251 1184 4322 meroque
1200 4249 1322 4306 οειειιδο-
