2774 4784
338 319 418 390 tut.
437 319 496 390 111.
546 319 916 396 umottotoctcue
1106 323 1180 398 803

72 491 116 555 28
131 484 303 568 expletum,
327 487 369 552 24
390 485 580 563 inchoatum,
601 485 753 548 Michailia
766 491 806 554 12
820 487 991 565 evolutum,
1014 491 1053 556 18
1071 489 1179 554 initum

73 573 257 636 conveniret.
287 591 376 651 nego
397 573 540 634 autemid
554 575 598 634 iu
611 592 690 650 eoae,
712 582 742 633 et
760 573 807 632 aio
822 575 1046 636 commemorari
1059 585 1180 656 tempus

70 657 148 718 illud
170 676 209 718 ex
228 667 378 717 uamacta
400 660 543 720 memoria
568 679 623 738 per
646 657 931 739 anacephalaeoaim3
961 668 1049 720 etex
1073 663 1179 724 multia
1194 675 1216 732 Ρ
1233 677 1285 734 532

70 743 194 817 eventia,
217 763 292 822 quaa
306 743 395 802 timul
409 745 450 804 ibi
462 745 687 824 conglobantur,
702 745 843 824 pleraque
857 765 919 804 non
933 743 1012 804 illiue
1023 765 1085 805 eaae
1097 749 1178 826 anni,

71 827 123 906 qui
140 828 215 904 suit,
237 838 273 888 ut
290 847 377 908 raepe
392 829 507 890 dictum
522 839 581 906 eat,
606 827 718 889 Christi
736 832 834 907 1806,
855 829 908 889 aed
921 831 1071 908 aequantia
1086 838 1178 902 1807.

71 933 153 974 nuno
167 923 282 973 caetera
299 934 374 992 quae
390 915 427 974 ad
441 915 634 976 lloutzerium
649 915 801 996 pertinent
815 915 985 979 reddamua.

155 998 208 1058 tx.
250 1000 326 1058 Satio
343 999 466 1080 diligens
478 1009 582 1061 noatcr
592 1000 651 1060 luit
663 1002 695 1058 in
709 997 840 1060 laniarat
853 999 1041 1080 promotione
1053 1000 1085 1060 in
1100 1002 1176 1062 Cae-

69 1101 185 1142 aaream
203 1083 377 1162 dignitatem
391 1093 422 1144 et
434 1086 521 1145 caede
536 1107 596 1146 non
610 1085 707 1145 multo
722 1092 790 1164 poat
807 1093 908 1145 aecuta
921 1085 1098 1162 reserandis,
1119 1087 1176 1147 ad-

69 1167 179 1228 iunctio
198 1169 284 1228 etiam
305 1169 384 1228 notia
404 1171 559 1250 temporie,
583 1169 635 1230 aed
652 1189 778 1249 quarum
800 1171 898 1248 aliqua
918 1165 1099 1230 aubobicura
1121 1182 1177 1233 est.

68 1253 166 1313 tradit
180 1253 375 1333 Pachymerea
390 1277 420 1335 p.
436 1259 545 1324 522'v.
559 1253 585 1318 4Ι
596 1255 789 1314 Ilontzerium
804 1255 843 1316 ad
858 1275 889 1316 ae
902 1256 989 1315 miaaa
1002 1255 1040 1314 ab
1053 1255 1176 1318 Andro-

68 1337 137 1396 nico
149 1340 304 1398 Caesareae
323 1341 474 1419 dignitatia
489 1339 612 1420 iusignia
628 1341 758 1399 induisse
771 1361 806 1400 ac
819 1341 877 1401 rite
891 1341 1085 1400 acclamatum
1099 1342 1175 1401 Cae-

68 1441 164 1482 aarem
177 1425 265 1483 suiaae
279 1421 329 1484 die
343 1447 406 1506 qua
418 1428 537 1485 Lazari
551 1429 729 1485 rerurrectio
743 1426 959 1491 celebrabatur.
1002 1425 1052 1486 hic
1068 1427 1129 1486 aliea
1143 1429 1176 1489 in

67 1505 243 1570 kalendario
260 1511 442 1572 Graecorum
459 1519 504 1571 eat
515 1511 673 1572 aabbatum
689 1511 824 1590 contigue
844 1511 1025 1592 praecedens
1044 1511 1175 1572 domini-v

67 1611 132 1652 cam
148 1594 322 1674 palmarum.
369 1616 461 1677 porro
478 1616 547 1658 cum
562 1595 614 1658 illo
631 1617 710 1656 anno
725 1595 795 1657 chr.
809 1599 892 1663 1507
906 1597 1024 1678 cyclum
1039 1599 1107 1658 eolis
1121 1603 1175 1673 28,

66 1677 156 1738 lunao
175 1680 214 1747 15
229 1691 421 1758 numerante,
443 1682 592 1742 dominica
606 1681 830 1742 resurrectionis
850 1683 988 1762 aeptiduo
1006 1685 1100 1744 aerior
1115 1683 1174 1741 do-

65 1765 175 1824 minica
196 1766 363 1846 palmarum
385 1767 527 1828 inciderit
546 1766 581 1826 in
605 1771 646 1831 26
665 1767 781 1844 Martii,
809 1767 965 1827 sabbatum
986 1767 1088 1828 Lazari
1108 1769 1174 1848 pri·-

23 1893 26 1902 ι
66 1849 190 1910 dianam
211 1851 378 1911 dominicae
397 1853 565 1933 palmarum
580 1851 702 1912 omnino
722 1851 813 1912 luerit
829 1855 870 1918 18
883 1850 984 1912 Martii
1001 1851 1073 1912 dieo.
1116 1853 1174 1913 ad·
1297 1853 1301 1860 '

64 1934 161 2014 iungit
180 1933 227 1994 hia
241 1945 343 1996 noster
357 1935 519 1997 historicae
534 1957 561 1996 c.
574 1937 717 2014 aequanti,
737 1934 797 1996 hoc
817 1943 860 1994 eat
874 1957 904 2016 p.
913 1935 978 2002 524
991 1956 1022 2000 v.
1040 1941 1090 2012 1'2,
1113 1959 1173 1997 no-

64 2039 140 2082 vum
154 2022 307 2081 Gaeaarem
322 2023 517 2083 Ilontzerium
531 2020 703 2080 adeundum
721 2022 775 2080 albi
793 2029 913 2100 putatae
923 2019 1096 2082 Michadlem
1107 2023 1173 2082 Au-

63 2115 184 2184 gustum
204 2107 361 2183 iuniorem,
382 2109 433 2185 qui
455 2107 536 2186 apud
550 2105 774 2186 ‘adrianopolim
796 2115 894 2164 caetra
914 2103 1061 2183 habebat,
1081 2127 1172 2186 prac-

62 2191 235 2270 aniaiaaequc
255 2191 323 2250 ideo
345 2191 385 2250 ad
402 2193 487 2252 illum
503 2192 631 2251 Aeanem
645 2191 748 2266 uxoria
763 2209 835 2249 auae
847 2191 987 2267 fratrom,
1009 2211 1026 2249 a
1048 2211 1108 2270 quo
1130 2193 1173 2252 ait

62 2277 196 2356 primum
220 2275 364 2337 indicium
384 2279 506 2338 venturi
531 2277 684 2338 llontzerii
705 2276 853 2356 perlatum
872 2274 911 2335 ad
931 2275 1106 2336 Michailem
1123 2276 1173 2335 die

63 2371 176 2420 octova
190 2383 287 2441 cupra
300 2365 476 2422 viceaimarn
490 2359 734 2426 Bormomionu.
762 2363 996 2444 Βοηδρομιῶνος
1008 2366 1173 2444 τοιγαροῦν

61 2439 157 2530 ὀγδόη
168 2441 315 2530 λήγοντος
330 2439 381 2528 ἦν.
423 2447 623 2508 Βοὲᾱνοιηίοη
635 2447 705 2506 alibi
712 2466 826 2527 semper
838 2444 1044 2527 aPaclaymara
1060 2447 1170 2508 dicitur
1203 2459 1204 2462 ’

61 2531 174 2612 Aprilia
186 2533 303 2592 mentia.
325 2533 378 2593 aed
387 2553 426 2593 ne
435 2533 486 2594 laic
498 2534 541 2593 ita
554 2532 748 2612 intelligatur,
762 2531 992 2611 prohibetquod
1002 2553 1032 2612 p.
1041 2533 1102 2598 525
1111 2541 1171 2600 v.2

62 2616 163 2690 addit,
191 2629 305 2700 quartu
315 2621 403 2697 seria
416 2630 490 2700 poet
503 2616 728 2678 hebdomadam
742 2611 1171 2697 'llaomceadmiaaumsuiaaa

63 2701 104 2761 nh
118 2702 265 2784 Auguato
284 2703 452 2765 Llaeacrem.
488 2703 651 2765 habdomaa
665 2701 798 2763 Thomaa
812 2713 858 2764 eat
868 2703 951 2784 apud
965 2704 1094 2763 Graecos
1106 2705 1170 2762 aina

61 2787 125 2846 ullo
144 2789 235 2848 dubio
256 2807 290 2848 ea
306 2808 383 2868 quae
398 2790 533 2868 requitur
551 2798 687 2849 octavam
702 2787 845 2864 Paaohaa,
868 2809 885 2847 a
902 2789 988 2848 nobie
1007 2788 1118 2847 dictam
1136 2791 1171 2847 in

62 2871 209 2934 albicant
224 2877 318 2955 quoai
333 2873 441 2955 mod05
463 2875 494 2934 in
512 2895 568 2954 qua
587 2873 734 2934 dominica
748 2882 817 2954 poet
828 2871 941 2933 rocha
954 2873 1051 2953 prima
1064 2872 1170 2933 Graeci

60 2957 133 3015 itam
148 2969 184 3018 ut
195 2959 302 3033 Latini,
316 2960 396 3020 inter
407 2981 490 3020 sacra
505 2961 635 3020 recitant
646 2978 761 3020 comma
775 2958 918 3038 evangelii
931 2977 969 3018 ex
982 2978 1008 3021 c.
1023 2962 1066 3022 20
1078 2957 1170 3018 loan-

61 3043 124 3116 nia,
159 3063 218 3121 quo
238 3055 382 3104 narratur
413 3045 561 3105 dubitatio
583 3045 714 3105 Thomaa
740 3044 866 3124 apoatoli
893 3043 930 3102 da
949 3043 1170 3104 resurrectione

61 3124 173 3186 Chriati
191 3129 327 3189 convicta
348 3141 511 3210 curatoque
528 3139 612 3191 tactu
629 3149 783 3192 aacrorum
806 3132 869 3190 eiua
887 3129 1064 3206 vulnerum,
1085 3128 1169 3189 unda

59 3231 171 3271 noman
193 3212 388 3276 hebdomadis
409 3215 542 3276 Thomna
565 3217 711 3297 contiguia
728 3216 778 3275 iati
802 3213 968 3275 dominicae
985 3213 1089 3274 diabua
1110 3233 1168 3274 utu

60 3297 245 3358 Graecorum
265 3297 410 3362 adhaesit.
450 3301 640 3362 manilaatum
660 3320 754 3381 porro
775 3311 821 3360 eat
840 3298 1060 3360 hebdomadam
1082 3297 1168 3358 'lho-

58 3401 127 3442 maa
141 3383 193 3442 illo
212 3403 307 3462 anno,
329 3387 390 3464 qui,
410 3394 447 3446 ut
459 3387 657 3463 ostendimus,
677 3384 788 3445 Paacha
802 3387 957 3451 26lllartii
972 3384 1095 3456 habuit,
1117 3401 1167 3442 ee-

59 3469 111 3547 qui
129 3489 191 3529 non
207 3471 338 3550 potuisse
353 3473 432 3531 diem
449 3477 490 3536 28
507 3472 624 3552 Aprilis.
656 3471 708 3530 aed
723 3488 819 3549 nequa
833 3472 1060 3550 sequentianno
1076 3466 1167 3526 chri-
1213 3493 1219 3512 ι

57 3555 96 3612 ati
115 3557 210 3620 1808:
229 3577 300 3616 nam
314 3556 374 3616 hoc
384 3555 496 3616 Paaclra
510 3559 542 3617 in
555 3554 665 3635 Aprilis
679 3557 719 3622 14
732 3556 849 3617 incidit.
873 3557 965 3634 igitur
979 3553 1060 3613 aliud
1074 3571 1165 3631 quam

50 3636 190 3719 ‘Aprilem
203 3642 323 3702 nomina
339 3641 563 3702 Boedromionia
576 3640 713 3701 hocloco
728 3644 872 3722 expremit
884 3637 1088 3718 Pachymerea.
1110 3657 1166 3696 neo

58 3732 105 3783 aot
119 3745 232 3785 novum
245 3721 329 3785 illum
342 3727 461 3787 variare
474 3729 506 3787 in
520 3726 767 3806 appellationibus
779 3726 935 3798 mentium,
958 3733 1067 3804 utpote,
1077 3741 1166 3801 quam

58 3817 141 3868 certo
157 3809 440 3892 deprelrenderimua
458 3813 647 3890 Ianuarium,
669 3831 758 3890 quem
779 3813 856 3873 eolat
876 3828 986 3870 vocare
1003 3811 1166 3868 Hecatom.

56 3895 207 3974 buconem,
228 3897 390 3976 aliquando
402 3899 590 3958 Lenaeonem
602 3898 772 3976 appellasse,
792 3907 824 3958 et
835 3897 1013 3975 Augustum,
1028 3895 1076 3953 oui
1090 3913 1165 3952 con-

57 3981 158 4042 auevit
169 3983 345 4043 Poaideonia
359 3983 626 4044 nomenclationem
642 3983 793 4064 adaptare,
818 3982 909 4040 camel
924 3980 1092 4060 designatae
1105 3997 1166 4037 vo-

56 4065 163 4124 cabulo
179 4069 462 4148 Moemccteriomia,
483 4089 544 4149 quo
562 4069 632 4128 alibi
649 4078 695 4127 eat
719 4067 825 4129 aolitua
846 4066 965 4126 Iunium
986 4065 1163 4144 exprimere.

56 4149 158 4226 itaque
181 4155 346 4214 necessario
370 4154 596 4234 intelligendum
616 4151 868 4213 Bo'e'dromionem
888 4170 971 4210 nuno
988 4147 1165 4228 Pachymeri

56 4233 202 4295 Martium
217 4237 286 4305 dici.
328 4241 413 4299 cuiua
428 4239 476 4299 die
488 4244 540 4317 28,
559 4238 650 4299 tantia
662 4247 732 4319 poet
750 4235 863 4296 Pascha
872 4236 956 4311 seria,
977 4235 1111 4296 monitua
1126 4234 1165 4293 da

56 4319 213 4416 ltontzerii
227 4321 362 4386 adventu
374 4324 515 4403 Michatl,
535 4324 588 4384 abi
602 4343 671 4386 aum
690 4341 721 4383 aa
737 4321 881 4386 benevola
896 4329 1092 4402 excepturum
1107 4317 1166 4380 da-
