2888 4884
211 369 301 484 arn·
441 371 444 382 ·
528 369 708 440 eunucu
732 367 1003 440 Picumnus-

210 567 275 620 νοις
287 537 414 638 dupino,
441 539 523 608 καθ’
546 538 602 618 oric
618 542 673 610 sol
694 539 968 620 &liugnavaurde
988 535 1203 620 absconderis
1218 537 1317 608 circii

174 657 196 711 Β
213 673 244 732 γε
265 642 537 732 παραιτησαμένου
559 643 681 729 stiric-
698 645 868 730 ἐκκλησίας
879 646 1034 725 δι’ίθονεν,
1063 640 1097 709 ὃν
1113 641 1186 709 otti
1200 643 1319 710 δίκαιον

212 745 287 815 εἶναι
301 748 333 814 έν
347 757 414 824 τοῖς
427 753 602 830 μισθωτοῖς
624 741 899 835 παριγγροίφεσθαι
919 749 971 812 καὶ
987 743 1029 822 ὦς
1044 745 1088 829 με)
1109 742 1233 830 γνήσιον
1245 745 1318 828 ὀβε-

188 931 190 938 x
214 853 375 932 λίζεσθοιι,
393 851 440 914 int
454 845 614 940 ίοσοιίτοις
629 849 708 930 ἔτεσι
721 850 778 936 τὴν
796 849 959 934 ἔκκλησίαν
974 849 1143 932 κατέχοντα
1155 851 1209 914 καί
1218 875 1255 936 ys
1266 852 1319 916 sni

212 956 357 1030 πλείστας
374 939 565 1040 χειροτονίας
588 955 771 1028 τελέσαντα·
799 957 886 1020 δυοῖν
898 952 957 1040 γὰρ
976 948 1344 1037 tarraconensium

212 1055 232 1142 ἢ
256 1054 352 1123 adada
372 1057 428 1138 μέν
449 1057 650 1123 δικαιοῦσθαι
673 1055 811 1124 κάκεῖνον
832 1057 865 1124 έν
887 1065 953 1132 τοῖς
972 1052 1081 1131 νόθοις
1096 1052 1171 1120 εἶναι
1182 1103 1192 1135 ,
1217 1052 1319 1138 ἢμην

210 1165 381 1238 ικανονικῶς
396 1155 608 1237 καταστάντος
629 1161 744 1226 ἐκείνου
765 1162 816 1224 καί
831 1165 998 1234 κανονικιῖις
1013 1159 1207 1244 ἐνεργοῦντος
1223 1158 1320 1228 αὐτὸν

211 1264 249 1348 έν.
259 1264 371 1350 ἱερεῦσι
386 1253 659 1349 καίετατριάρχαις
672 1265 753 1348 μηδὲ
771 1263 807 1328 τὸ
822 1258 971 1343 παράπαν
986 1264 1173 1346 λογίζεσθαι.
1224 1263 1319 1354 ἔρρη-

144 1377 151 1386 “
210 1363 433 1454 διουργημένην
453 1367 487 1431 δέ
508 1367 559 1431 καί
579 1365 636 1449 τὴν
656 1361 743 1453 ὑπέρ,
759 1371 821 1431 τῶν
836 1364 1044 1448 ἀδικουμένων
1068 1363 1196 1451 ἀξίωσιν
1206 1359 1320 1429 ὑπειδ-

176 1481 199 1534 c
217 1473 331 1551 παζον,
359 1465 402 1545 ὡς
419 1466 522 1535 αὐτίκ’
541 1465 580 1535 ἂν
595 1469 647 1533 καί
662 1467 735 1545 roric
754 1468 978 1553 συντρέχοντας
1000 1465 1133 1543 πολλοὺς
1148 1462 1223 1533 εἶναι
1237 1472 1319 1552 βοη-
1328 1485 1362 1538 10

212 1575 302 1650 θείας
315 1571 400 1638 ένεκα
415 1577 472 1655 τῆς
485 1570 562 1656 πρὸς
581 1568 635 1637 τὸν
649 1577 835 1658 κρατοῦντα,
861 1573 912 1636 καί
923 1569 981 1656 τὴν
997 1576 1053 1654 τῆς
1066 1571 1258 1657 προστασίας
1271 1595 1320 1636 τι·
1353 1559 1356 1564 ’

211 1675 274 1761 μὴν
299 1673 487 1759 έρριζῶσθαι
512 1674 544 1751 ll,=
557 1671 727 1760 ἀναγκαίουΙ
746 1674 946 1762 συμβαίνειν,
968 1671 1082 1757 adepti
1099 1673 1292 1759 spinariano!
1309 1722 1318 1739 .

211 1783 282 1866 διχῇ
300 1769 355 1842 οὖν
375 1776 599 1863 διαιρουμένων
620 1783 683 1846 τῶν
708 1763 872 1864 ἀρχιερέων
878 1824 889 1858 ,
927 1777 978 1842 καί
993 1781 1062 1856 ,τῶν
1080 1773 1251 1860 η’δικῆσθαι
1268 1778 1321 1842 καί

211 1877 282 1950 τότε
296 1887 359 1947 τῶν
375 1879 457 1966 ἱερέα
473 1857 639 1960 κρινόντων
657 1881 709 1947 καί
726 1873 821 1957 αὖθις
843 1875 1044 1966 δικαιούντων
1058 1875 1248 1963 ἀνάγεσθαι,
1276 1869 1319 1946 ds

212 1985 291 2060 τινές
306 1981 333 2049 εί
347 1983 466 2066 κοίτης
482 1984 597 2076 ἐκείνου
611 1986 802 2070 χειροτονίας
817 1975 898 2068 ἦσαν
905 2031 917 2064 ,
945 1979 1018 2047 ἀλλ’
1037 1973 1092 2048 οὖν
1108 1979 1252 2066 ὗποσχεῖν
1265 1979 1361 2053 ssi-16

104 2105 127 2157 P
144 2101 196 2158 259
214 2082 332 2178 θοίνας,
353 2088 385 2152 ἐἰ
400 2084 537 2176 κάκεῖνος
548 2086 653 2165 θέλοι,
679 2083 810 2163 {osrede
825 2087 988 2164 ἐδικαίουν,
1014 2090 1078 2150 τῶν
1095 2086 1129 2150 δέ
1143 2083 1224 2169 μηδ’
1240 2081 1320 2162 ὅλως
1353 2069 1357 2080 “

211 2186 403 2276 ἀνεχομένων
432 2188 581 2274 δέχεσθαι
611 2187 679 2274 ἅμα
704 2191 762 2273 μέν
788 2184 1059 2277 παραιτησάμενον
1065 2235 1077 2268 ,
1113 2185 1179 2272 ἅμα
1204 2189 1239 2253 δέ
1267 2189 1319 2253 καί

279 2355 306 2410 6.
321 2353 376 2427 γὰρ
391 2353 490 2409 deerat

210 2509 245 2564 tis
284 2524 337 2590 que
359 2523 389 2559 se
410 2503 509 2559 omnino
527 2505 617 2560 carere
631 2506 672 2560 sic
687 2507 820 2575 protessus
837 2513 921 2571 esset,
946 2507 1068 2577 ultroque
1084 2521 1225 2576 agnoscere
1241 2503 1320 2558 alium

210 2547 263 2631 sihi
285 2583 345 2628 nte
356 2575 473 2644 δορατίου
491 2575 614 2628 canonice
638 2575 789 2640 suliectum,
812 2577 856 2646 qui
874 2580 946 2630 tanto
961 2569 1078 2645 tempore
1094 2577 1149 2629 sine
1168 2575 1219 2627 ulls
1234 2579 1320 2627 status

211 2643 402 2706 controversie,
422 2651 468 2694 aut
485 2645 632 2713 cuiusquam
650 2643 727 2696 dubio
745 2643 807 2714 quin
823 2661 900 2698 verus
915 2651 1007 2715 pastor
1024 2653 1108 2710 esset,
1124 2641 1255 2698 ecclesiam
1270 2659 1320 2711 gu·

212 2716 362 2777 bernssset3
386 2725 461 2830 poem
478 2713 594 2781 prolecto
611 2712 719 2765 tetiam
737 2713 809 2765 annis
825 2713 882 2766 reri
903 2713 1016 2783 pastoris
1033 2713 1220 2766 existimatione
1242 2729 1320 2781 prse-
1408 2749 1417 2764 ,.

157 2791 168 2808 “
211 2781 321 2852 positum
345 2778 488 2845 eccesiae,
513 2781 647 2852 multisque
672 2780 773 2834 interim
790 2781 993 2836 ordinationibus
1010 2784 1187 2852 perfunctum,
1211 2787 1321 2851 repento

210 2865 278 2904 nnnc
301 2847 360 2902 albo
383 2855 535 2917 expunctum
559 2849 704 2932 praesulum
730 2849 898 2918 legitimorum
915 2852 1080 2904 mercenariis
1097 2852 1259 2913 adscribens,
1285 2851 1319 2902 sb

259 2917 345 2970 uitato
367 2917 518 2988 rationeque
541 2919 623 2978 videri
644 2919 778 2988 plurimum
803 2921 950 2974 abhorrens.
986 2921 1092 2974 duorum
1114 2921 1193 2988 igitur
1209 2923 1320 2972 alterurn

209 2988 250 3042 sie
269 2994 314 3040 snt
330 2985 356 3040 in
373 2988 489 3040 confesso
507 2987 596 3041 haberi
613 3005 671 3040 esse
687 3005 802 3053 necesse,
819 2997 864 3042 ant
879 2989 1027 3043 inavarum
1045 2988 1223 3059 patriarchalis
1240 2988 1321 3040 hono·

210 3055 248 3110 ris
266 3057 314 3110 boc
331 3057 455 3109 decennio
472 3073 551 3125 penes
566 3057 733 3110 Athanasium
757 3059 897 3124 resedisse,
919 3059 1008 3129 sicque
1025 3058 1145 3112 loannem
1161 3057 1223 3110 nihil
1239 3057 1321 3110 inisse

209 3123 260 3178 nisi
282 3125 396 3196 spurium
420 3125 595 3194 intrusumque
617 3127 804 3196 patriarcham,
826 3136 872 3182 aut
894 3135 989 3180 contra
1008 3126 1075 3180 hunc
1098 3126 1219 3180 canonice
1244 3142 1322 3179 acca-

191 3235 192 3238 ,
209 3195 297 3266 ptam,
315 3194 437 3247 mnonice
454 3194 598 3247 exercuisse
614 3195 810 3265 patriarchalem
827 3202 1000 3266 potestatem
1016 3213 1049 3248 ex
1066 3211 1118 3278 quo
1135 3196 1169 3248 sit
1185 3195 1321 3250 manifeste

211 3279 369 3331 consequens
386 3263 496 3331 priorem
512 3263 581 3315 illum
599 3264 738 3330 sacerdotii
756 3264 816 3317 talis
840 3283 872 3318 ac
895 3265 1026 3332 dignitatis
1042 3267 1125 3318 fursee
1142 3277 1203 3316 tunc
1218 3265 1321 3333 penitus

210 3339 351 3401 expertem.
385 3331 419 3384 sd
437 3332 502 3384 baec
516 3333 635 3385 subolere
652 3333 702 3387 sibi
719 3333 833 3386 fraudem
851 3341 880 3387 et
894 3331 987 3386 malam
1004 3332 1079 3387 fldem
1095 3332 1198 3400 aiebant
1214 3333 1240 3384 in
1258 3332 1320 3397 ista,

210 3417 278 3472 quae
295 3399 445 3462 instaretur,
462 3399 587 3453 affectata
604 3402 762 3471 protectione
773 3401 888 3455 iniuriam
896 3419 1048 3472 persomme
1065 3410 1218 3472 quaestuosa
1229 3417 1320 3469 nempe

210 3466 386 3589 popularitate
402 3477 483 3520 artem
500 3467 539 3522 sic
555 3469 684 3522 inventam
702 3471 930 3552 praeoccupandas
946 3470 1071 3524 beneficio
1090 3469 1274 3533 multitudinis,
1290 3478 1318 3522 et

223 3537 330 3594 niustae,
357 3552 407 3588 uae
424 3548 562 3606 peraretur
576 3537 724 3592 iatmeionn
742 3539 854 3593 lectione
869 3541 1034 3594 obnoxiorum
1051 3539 1268 3593 corroborandae·
1290 3539 1318 3590 iu

211 3607 279 3682 bunc
296 3554 441 3688 modumnst
456 3607 628 3660 sentientibus
645 3615 673 3660 et
688 3607 871 3672 disserentibus
887 3609 1014 3679 episcopis
1030 3608 1170 3676 nonnullis,
1198 3625 1254 3660 cum
1272 3607 1318 3660 alii

211 3673 380 3744 persistentes
397 3691 425 3727 ιιι
444 3675 499 3729 heri
516 3682 621 3729 ostensa
636 3680 764 3731 sententia
780 3685 970 3749 repugnarent,
988 3675 1071 3730 scindi
1086 3675 1216 3748 antistites
1232 3677 1259 3728 in
1277 3677 1319 3728 la·
1367 3691 1372 3704 ·

137 3751 142 3763 '
211 3743 311 3796 ctiones
328 3743 446 3810 contigit,
462 3744 503 3797 his
520 3762 552 3798 ex
570 3745 678 3799 adverso
694 3747 886 3800 affirmantibus
898 3763 1057 3815 nequaquam
1075 3745 1125 3820 rite
1138 3745 1221 3799 inissa
1237 3744 1319 3814 dspo-

210 3811 289 3886 situm
307 3811 482 3877 Athanasium,
499 3815 545 3867 sed
561 3813 655 3867 iniuste
672 3821 700 3867 et
714 3815 825 3870 invalide
841 3832 889 3885 per
904 3815 955 3869 vim
971 3814 1106 3878 deiectum,
1122 3813 1234 3884 legitime
1249 3829 1319 3866 sem·

210 3897 259 3951 per
275 3889 377 3934 retenta
394 3897 564 3954 possessaque
581 3882 724 3953 dignitates
746 3901 827 3954 qnare
849 3885 919 3937 illum
940 3893 1013 3938 recte
1036 3893 1116 3952 atque
1139 3883 1229 3936 ordine
1251 3899 1319 3952 nunc

210 3949 253 4003 rel
272 3967 330 4002 aero
347 3950 452 4018 agnosci
474 3967 522 4033 pro
544 3967 575 4004 eo
597 3953 642 4023 qui
656 3970 720 4006 rere
736 3953 787 4019 sit,
813 3956 841 4007 et
863 3954 890 4006 in
907 3961 997 4022 erepto
1014 3952 1050 4005 ini
1069 3969 1102 4004 ne
1118 3951 1208 4021 reponi
1225 3951 1318 4004 throno

210 4034 260 4088 par
277 4035 343 4072 esse.
377 4020 415 4070 ita
432 4019 589 4088 potrssimum
613 4025 753 4076 censebant
776 4023 821 4093 qui
837 4039 867 4076 ss
883 4021 1048 4075 ordinationis
1099 4037 1187 4074 nomm
1203 4021 1319 4073 Athana-

210 4085 250 4139 sio
267 4088 434 4140 meminerant
449 4087 557 4160 deberer
580 4089 707 4159 iidemque
730 4107 760 4143 ss
785 4095 916 4162 promptos
932 4090 1076 4144 offerebant
1093 4088 1126 4142 ad
1144 4105 1240 4158 poenas
1255 4088 1320 4141 snb·

209 4157 308 4209 enudas
324 4159 389 4225 quas
406 4155 469 4224 ipsis
486 4173 593 4227 cumque
614 4159 693 4211 vellet
715 4159 845 4229 imponere
867 4160 901 4212 ob
918 4159 994 4213 alium
1011 4158 1107 4212 tamdiu
1124 4174 1258 4242 perperam
1275 4157 1319 4210 in·

209 4231 308 4278 trusum
332 4241 379 4294 pro
403 4225 622 4282 veroadmissnm
646 4244 777 4280 sacrorum
802 4229 955 4298 praesidem.
1002 4229 1068 4282 haec
1089 4227 1135 4280 ists
1160 4227 1318 4295 allegabant,

208 4307 276 4360 quae
301 4309 358 4345 cum
380 4293 548 4347 adversantes
571 4296 626 4419 sl'p'⁵
638 4296 824 4350 contentiosius
847 4295 997 4350 refellerent
1019 4312 1176 4380 magnopere
1191 4295 1322 4348 iactanda

208 4359 414 4433 validissimaque
427 4362 592 4419 &neutras
642 4364 805 4422 abdicatione
824 4365 975 4433 Athamiia
991 4381 1064 4420 cums
1081 4373 1161 4421 ettam
1175 4381 1269 4420 causas
1286 4379 1319 4420 ss
