<?xml version="1.0" encoding="UTF-8"?>
<!DOCTYPE html PUBLIC "-//W3C//DTD XHTML 1.0 Transitional//EN"
    "http://www.w3.org/TR/xhtml1/DTD/xhtml1-transitional.dtd">
<html xmlns="http://www.w3.org/1999/xhtml" xml:lang="en" lang="en">
 <head>
  <title>
</title>
<meta http-equiv="Content-Type" content="text/html;charset=utf-8" />
  <meta name='ocr-system' content='tesseract 3.04.00' />
  <meta name='ocr-capabilities' content='ocr_page ocr_carea ocr_par ocr_line ocrx_word'/>
</head>
<body>
  <div class='ocr_page' id='page_1' title='image "./georgiipachymer00pousgoog_0835.png"; bbox 0 0 2760 4776; ppageno 0'>
   <div class='ocr_carea' id='block_1_1' title="bbox 191 289 1040 368">
    <p class='ocr_par' dir='ltr' id='par_1_1' title="bbox 191 289 1040 368">
     <span class='ocr_line' id='line_1_1' title="bbox 191 289 1040 368; baseline -0.025 1"><span class='ocrx_word' id='word_1_1' title='bbox 191 295 269 368; x_wconf 74' lang='lat'><strong>818</strong></span> <span class='ocrx_word' id='word_1_2' title='bbox 457 353 460 360; x_wconf 94' lang='lat'><em>.</em></span> <span class='ocrx_word' id='word_1_3' title='bbox 494 289 996 360; x_wconf 63' lang='lat' dir='ltr'><strong>oraminuracumu.</strong></span> <span class='ocrx_word' id='word_1_4' title='bbox 1035 329 1040 348; x_wconf 87' lang='lat'><strong><em>.</em></strong></span> 
     </span>
    </p>
   </div>
   <div class='ocr_carea' id='block_1_2' title="bbox 134 451 1315 4022">
    <p class='ocr_par' dir='ltr' id='par_1_2' title="bbox 190 451 1315 3340">
     <span class='ocr_line' id='line_1_2' title="bbox 190 451 1314 540; baseline -0.007 -20"><span class='ocrx_word' id='word_1_5' title='bbox 190 457 351 540; x_wconf 80' lang='lat' dir='ltr'><strong>labeaaaat,</strong></span> <span class='ocrx_word' id='word_1_6' title='bbox 364 453 540 535; x_wconf 59' lang='lat' dir='ltr'><strong>«meridia,</strong></span> <span class='ocrx_word' id='word_1_7' title='bbox 567 453 742 534; x_wconf 84' lang='lat' dir='ltr'><strong>dia&#39;looae,</strong></span> <span class='ocrx_word' id='word_1_8' title='bbox 767 455 914 518; x_wconf 79' lang='lat' dir='ltr'><strong>..convivio</strong></span> <span class='ocrx_word' id='word_1_9' title='bbox 941 462 1119 534; x_wconf 63' lang='lat' dir='ltr'><strong>exceptum</strong></span> <span class='ocrx_word' id='word_1_10' title='bbox 1141 451 1314 532; x_wconf 79' lang='lat' dir='ltr'><strong>aquodam</strong></span> 
     </span>
     <span class='ocr_line' id='line_1_3' title="bbox 191 537 1312 616; baseline -0.009 -10"><span class='ocrx_word' id='word_1_11' title='bbox 191 545 281 608; x_wconf 74' lang='lat' dir='ltr'><strong>Pon</strong></span> <span class='ocrx_word' id='word_1_12' title='bbox 294 541 416 602; x_wconf 84' lang='lat' dir='ltr'><strong>nomine</strong></span> <span class='ocrx_word' id='word_1_13' title='bbox 429 541 594 616; x_wconf 66' lang='lat' dir='ltr'><strong>Bocchum,</strong></span> <span class='ocrx_word' id='word_1_14' title='bbox 617 543 738 604; x_wconf 78' lang='lat' dir='ltr'><strong>mictum</strong></span> <span class='ocrx_word' id='word_1_15' title='bbox 753 542 791 602; x_wconf 88' lang='lat' dir='ltr'><strong>ab</strong></span> <span class='ocrx_word' id='word_1_16' title='bbox 808 541 866 602; x_wconf 83' lang='lat' dir='ltr'><strong>hoo</strong></span> <span class='ocrx_word' id='word_1_17' title='bbox 886 541 962 602; x_wconf 87' lang='lat' dir='ltr'><strong>oibia</strong></span> <span class='ocrx_word' id='word_1_18' title='bbox 984 549 1155 600; x_wconf 64' lang='lat' dir='ltr'><strong>umanum</strong></span> <span class='ocrx_word' id='word_1_19' title='bbox 1169 537 1312 613; x_wconf 77' lang='lat' dir='ltr'><strong>laamiaae,</strong></span> 
     </span>
     <span class='ocr_line' id='line_1_4' title="bbox 192 624 1312 706; baseline -0.006 -16"><span class='ocrx_word' id='word_1_20' title='bbox 192 645 303 706; x_wconf 79' lang='lat' dir='ltr'><strong>exquo</strong></span> <span class='ocrx_word' id='word_1_21' title='bbox 319 627 366 686; x_wconf 87' lang='lat' dir='ltr'><strong>die</strong></span> <span class='ocrx_word' id='word_1_22' title='bbox 380 625 485 686; x_wconf 77' lang='lat' dir='ltr'><strong>Martia</strong></span> <span class='ocrx_word' id='word_1_23' title='bbox 498 627 600 688; x_wconf 81' lang='lat' dir='ltr'><strong>rtatim</strong></span> <span class='ocrx_word' id='word_1_24' title='bbox 617 635 761 706; x_wconf 81' lang='lat' dir='ltr'><strong>aequente</strong></span> <span class='ocrx_word' id='word_1_25' title='bbox 774 628 903 706; x_wconf 75' lang='lat' dir='ltr'><strong>graviter</strong></span> <span class='ocrx_word' id='word_1_26' title='bbox 917 635 1082 706; x_wconf 79' lang='lat' dir='ltr'><strong>aegrotare</strong></span> <span class='ocrx_word' id='word_1_27' title='bbox 1096 624 1253 703; x_wconf 83' lang='lat' dir='ltr'><strong>coeperit,</strong></span> <span class='ocrx_word' id='word_1_28' title='bbox 1267 624 1312 683; x_wconf 82' lang='lat' dir='ltr'><strong>die</strong></span> 
     </span>
     <span class='ocr_line' id='line_1_5' title="bbox 191 710 1314 789; baseline -0.007 -15"><span class='ocrx_word' id='word_1_29' title='bbox 191 712 332 774; x_wconf 64' lang='lat' dir='ltr'><strong>Mercurii</strong></span> <span class='ocrx_word' id='word_1_30' title='bbox 355 710 498 788; x_wconf 73' lang='lat' dir='ltr'><strong>contiguo</strong></span> <span class='ocrx_word' id='word_1_31' title='bbox 518 722 652 774; x_wconf 80' lang='lat' dir='ltr'><strong>mortuno</strong></span> <span class='ocrx_word' id='word_1_32' title='bbox 672 712 719 773; x_wconf 78' lang='lat' dir='ltr'><strong>ait</strong></span> <span class='ocrx_word' id='word_1_33' title='bbox 761 711 844 772; x_wconf 86' lang='lat' dir='ltr'><strong>hunc</strong></span> <span class='ocrx_word' id='word_1_34' title='bbox 869 712 1074 789; x_wconf 72' lang='lat' dir='ltr'><strong>corrodium</strong></span> <span class='ocrx_word' id='word_1_35' title='bbox 1099 710 1252 770; x_wconf 62' lang='lat' dir='ltr'><strong>Maeotii</strong></span> <span class='ocrx_word' id='word_1_36' title='bbox 1274 710 1314 767; x_wconf 84' lang='lat' dir='ltr'><strong>ait</strong></span> 
     </span>
     <span class='ocr_line' id='line_1_6' title="bbox 190 795 1315 872; baseline -0.007 -12"><span class='ocrx_word' id='word_1_37' title='bbox 190 800 283 860; x_wconf 70' lang='lat' dir='ltr'><strong>roim</strong></span> <span class='ocrx_word' id='word_1_38' title='bbox 298 796 473 858; x_wconf 80' lang='lat' dir='ltr'><strong>vicerimum</strong></span> <span class='ocrx_word' id='word_1_39' title='bbox 493 798 601 856; x_wconf 80' lang='lat' dir='ltr'><strong>mancia</strong></span> <span class='ocrx_word' id='word_1_40' title='bbox 614 795 830 872; x_wconf 78' lang='lat' dir='ltr'><strong>[lirul-liciae,</strong></span> <span class='ocrx_word' id='word_1_41' title='bbox 859 797 909 856; x_wconf 85' lang='lat' dir='ltr'><strong>hic</strong></span> <span class='ocrx_word' id='word_1_42' title='bbox 930 805 975 856; x_wconf 87' lang='lat' dir='ltr'><strong>eat</strong></span> <span class='ocrx_word' id='word_1_43' title='bbox 994 795 1119 856; x_wconf 86' lang='lat' dir='ltr'><strong>menaia</strong></span> <span class='ocrx_word' id='word_1_44' title='bbox 1140 795 1268 856; x_wconf 85' lang='lat' dir='ltr'><strong>ultimua</strong></span> <span class='ocrx_word' id='word_1_45' title='bbox 1283 795 1315 853; x_wconf 89' lang='lat' dir='ltr'><strong>in</strong></span> 
     </span>
     <span class='ocr_line' id='line_1_7' title="bbox 191 878 1314 955; baseline -0.007 -11"><span class='ocrx_word' id='word_1_46' title='bbox 191 903 272 944; x_wconf 80' lang='lat' dir='ltr'><strong>cuno</strong></span> <span class='ocrx_word' id='word_1_47' title='bbox 286 881 440 948; x_wconf 71' lang='lat' dir='ltr'><strong>Arabum.¹</strong></span> <span class='ocrx_word' id='word_1_48' title='bbox 455 911 456 914; x_wconf 38' lang='lat'>¹</span> <span class='ocrx_word' id='word_1_49' title='bbox 471 879 613 942; x_wconf 83' lang='lat' dir='ltr'><strong>habemua</strong></span> <span class='ocrx_word' id='word_1_50' title='bbox 628 883 661 942; x_wconf 86' lang='lat' dir='ltr'><strong>iu</strong></span> <span class='ocrx_word' id='word_1_51' title='bbox 674 881 722 942; x_wconf 87' lang='lat' dir='ltr'><strong>hia</strong></span> <span class='ocrx_word' id='word_1_52' title='bbox 741 881 1044 955; x_wconf 70' lang='lat' dir='ltr'><strong>characenorum,</strong></span> <span class='ocrx_word' id='word_1_53' title='bbox 1069 879 1215 940; x_wconf 83' lang='lat' dir='ltr'><strong>Paaelaae</strong></span> <span class='ocrx_word' id='word_1_54' title='bbox 1228 878 1314 937; x_wconf 83' lang='lat' dir='ltr'><strong>Clari-</strong></span> 
     </span>
     <span class='ocr_line' id='line_1_8' title="bbox 192 964 1313 1046; baseline -0.005 -18"><span class='ocrx_word' id='word_1_55' title='bbox 192 969 359 1028; x_wconf 85' lang='lat' dir='ltr'><strong>atiauorum</strong></span> <span class='ocrx_word' id='word_1_56' title='bbox 371 977 401 1026; x_wconf 85' lang='lat' dir='ltr'><strong>ct</strong></span> <span class='ocrx_word' id='word_1_57' title='bbox 415 965 506 1026; x_wconf 81' lang='lat' dir='ltr'><strong>seriae</strong></span> <span class='ocrx_word' id='word_1_58' title='bbox 519 976 643 1046; x_wconf 85' lang='lat' dir='ltr'><strong>quartae</strong></span> <span class='ocrx_word' id='word_1_59' title='bbox 659 968 864 1028; x_wconf 84' lang='lat' dir='ltr'><strong>concurrentia</strong></span> <span class='ocrx_word' id='word_1_60' title='bbox 879 969 911 1026; x_wconf 91' lang='lat' dir='ltr'><strong>in</strong></span> <span class='ocrx_word' id='word_1_61' title='bbox 926 968 1008 1026; x_wconf 87' lang='lat' dir='ltr'><strong>diem</strong></span> <span class='ocrx_word' id='word_1_62' title='bbox 1026 971 1074 1032; x_wconf 77' lang='lat'><strong>20</strong></span> <span class='ocrx_word' id='word_1_63' title='bbox 1088 964 1313 1036; x_wconf 83' lang='lat' dir='ltr'><strong>Dhul-llaiae,</strong></span> 
     </span>
     <span class='ocr_line' id='line_1_9' title="bbox 192 1049 1315 1134; baseline -0.004 -19"><span class='ocrx_word' id='word_1_64' title='bbox 192 1071 320 1133; x_wconf 85' lang='lat' dir='ltr'><strong>quorum</strong></span> <span class='ocrx_word' id='word_1_65' title='bbox 340 1061 447 1112; x_wconf 75' lang='lat' dir='ltr'><strong>muter</strong></span> <span class='ocrx_word' id='word_1_66' title='bbox 464 1071 544 1114; x_wconf 88' lang='lat' dir='ltr'><strong>anno</strong></span> <span class='ocrx_word' id='word_1_67' title='bbox 560 1051 684 1130; x_wconf 76' lang='lat' dir='ltr'><strong>liegirae</strong></span> <span class='ocrx_word' id='word_1_68' title='bbox 699 1055 758 1118; x_wconf 88' lang='lat'><strong>681</strong></span> <span class='ocrx_word' id='word_1_69' title='bbox 776 1053 934 1131; x_wconf 83' lang='lat' dir='ltr'><strong>competit,</strong></span> <span class='ocrx_word' id='word_1_70' title='bbox 956 1051 1250 1134; x_wconf 85' lang='lat' dir='ltr'><strong>prontclariaaime</strong></span> <span class='ocrx_word' id='word_1_71' title='bbox 1261 1049 1315 1110; x_wconf 88' lang='lat' dir='ltr'><strong>da-</strong></span> 
     </span>
     <span class='ocr_line' id='line_1_10' title="bbox 192 1135 1314 1216; baseline -0.004 -17"><span class='ocrx_word' id='word_1_72' title='bbox 192 1147 338 1199; x_wconf 85' lang='lat' dir='ltr'><strong>monatro.</strong></span> <span class='ocrx_word' id='word_1_73' title='bbox 380 1156 475 1196; x_wconf 84' lang='lat' dir='ltr'><strong>annua</strong></span> <span class='ocrx_word' id='word_1_74' title='bbox 494 1156 583 1210; x_wconf 83' lang='lat' dir='ltr'><strong>acrae</strong></span> <span class='ocrx_word' id='word_1_75' title='bbox 602 1137 785 1198; x_wconf 66' lang='lat' dir='ltr'>Christianae</span> <span class='ocrx_word' id='word_1_76' title='bbox 799 1139 932 1216; x_wconf 75' lang='lat' dir='ltr'><strong>vulgaria</strong></span> <span class='ocrx_word' id='word_1_77' title='bbox 950 1141 1046 1209; x_wconf 79' lang='lat'><strong>1283,</strong></span> <span class='ocrx_word' id='word_1_78' title='bbox 1062 1135 1104 1198; x_wconf 84' lang='lat' dir='ltr'><strong>iu</strong></span> <span class='ocrx_word' id='word_1_79' title='bbox 1123 1137 1219 1198; x_wconf 78' lang='lat' dir='ltr'><strong>cuiue</strong></span> <span class='ocrx_word' id='word_1_80' title='bbox 1234 1156 1314 1195; x_wconf 86' lang='lat' dir='ltr'><strong>mec-</strong></span> 
     </span>
     <span class='ocr_line' id='line_1_11' title="bbox 193 1222 1311 1302; baseline 0 -18"><span class='ocrx_word' id='word_1_81' title='bbox 193 1245 255 1284; x_wconf 88' lang='lat' dir='ltr'><strong>aem</strong></span> <span class='ocrx_word' id='word_1_82' title='bbox 272 1222 374 1282; x_wconf 86' lang='lat' dir='ltr'><strong>aaltem</strong></span> <span class='ocrx_word' id='word_1_83' title='bbox 396 1223 475 1281; x_wconf 82' lang='lat' dir='ltr'><strong>ultro</strong></span> <span class='ocrx_word' id='word_1_84' title='bbox 496 1223 619 1282; x_wconf 80' lang='lat' dir='ltr'><strong>tertium</strong></span> <span class='ocrx_word' id='word_1_85' title='bbox 636 1223 801 1282; x_wconf 82' lang='lat' dir='ltr'><strong>neceaaario</strong></span> <span class='ocrx_word' id='word_1_86' title='bbox 820 1222 955 1282; x_wconf 77' lang='lat' dir='ltr'>excurrit</span> <span class='ocrx_word' id='word_1_87' title='bbox 974 1241 1079 1282; x_wconf 86' lang='lat' dir='ltr'><strong>annua</strong></span> <span class='ocrx_word' id='word_1_88' title='bbox 1104 1222 1242 1302; x_wconf 78' lang='lat' dir='ltr'><strong>Hegirae</strong></span> <span class='ocrx_word' id='word_1_89' title='bbox 1254 1225 1311 1286; x_wconf 78' lang='grc'><strong>681</strong></span> 
     </span>
     <span class='ocr_line' id='line_1_12' title="bbox 193 1306 1313 1391; baseline -0.005 -21"><span class='ocrx_word' id='word_1_90' title='bbox 193 1308 306 1391; x_wconf 72' lang='lat' dir='ltr'><strong>Aprilis</strong></span> <span class='ocrx_word' id='word_1_91' title='bbox 320 1307 480 1368; x_wconf 81' lang='lat' dir='ltr'><strong>undecimo</strong></span> <span class='ocrx_word' id='word_1_92' title='bbox 493 1307 542 1368; x_wconf 86' lang='lat' dir='ltr'><strong>die</strong></span> <span class='ocrx_word' id='word_1_93' title='bbox 552 1308 623 1366; x_wconf 89' lang='lat' dir='ltr'><strong>anni</strong></span> <span class='ocrx_word' id='word_1_94' title='bbox 636 1307 840 1389; x_wconf 81' lang='lat' dir='ltr'><strong>praecedentia</strong></span> <span class='ocrx_word' id='word_1_95' title='bbox 855 1311 938 1374; x_wconf 78' lang='lat'><strong>1282</strong></span> <span class='ocrx_word' id='word_1_96' title='bbox 951 1307 1139 1384; x_wconf 81' lang='lat' dir='ltr'><strong>inchoatur,</strong></span> <span class='ocrx_word' id='word_1_97' title='bbox 1166 1325 1237 1366; x_wconf 84' lang='lat' dir='ltr'><strong>cum</strong></span> <span class='ocrx_word' id='word_1_98' title='bbox 1253 1306 1313 1364; x_wconf 85' lang='lat' dir='ltr'><strong>fue·</strong></span> 
     </span>
     <span class='ocr_line' id='line_1_13' title="bbox 192 1391 1313 1473; baseline -0.004 -18"><span class='ocrx_word' id='word_1_99' title='bbox 192 1396 234 1456; x_wconf 89' lang='lat' dir='ltr'><strong>rit</strong></span> <span class='ocrx_word' id='word_1_100' title='bbox 255 1393 371 1473; x_wconf 83' lang='lat' dir='ltr'><strong>periodi</strong></span> <span class='ocrx_word' id='word_1_101' title='bbox 393 1391 525 1452; x_wconf 88' lang='lat' dir='ltr'><strong>luliauee</strong></span> <span class='ocrx_word' id='word_1_102' title='bbox 542 1395 636 1466; x_wconf 81' lang='grc'><strong>5996,</strong></span> <span class='ocrx_word' id='word_1_103' title='bbox 652 1393 772 1472; x_wconf 79' lang='lat' dir='ltr'><strong>cyclum</strong></span> <span class='ocrx_word' id='word_1_104' title='bbox 792 1392 963 1452; x_wconf 75' lang='lat' dir='ltr'><strong>numeravit</strong></span> <span class='ocrx_word' id='word_1_105' title='bbox 981 1392 1060 1452; x_wconf 86' lang='lat' dir='ltr'><strong>aolia</strong></span> <span class='ocrx_word' id='word_1_106' title='bbox 1079 1393 1108 1458; x_wconf 80' lang='lat'>4</span> <span class='ocrx_word' id='word_1_107' title='bbox 1136 1413 1213 1452; x_wconf 85' lang='lat' dir='ltr'><strong>cum</strong></span> <span class='ocrx_word' id='word_1_108' title='bbox 1231 1391 1313 1450; x_wconf 83' lang='lat' dir='ltr'><strong>litera</strong></span> 
     </span>
     <span class='ocr_line' id='line_1_14' title="bbox 193 1475 1312 1557; baseline -0.004 -18"><span class='ocrx_word' id='word_1_109' title='bbox 193 1478 367 1541; x_wconf 80' lang='lat' dir='ltr'><strong>dominicali</strong></span> <span class='ocrx_word' id='word_1_110' title='bbox 384 1476 424 1554; x_wconf 82' lang='lat' dir='ltr'><strong>C,</strong></span> <span class='ocrx_word' id='word_1_111' title='bbox 449 1478 568 1557; x_wconf 81' lang='lat' dir='ltr'><strong>cyclum</strong></span> <span class='ocrx_word' id='word_1_112' title='bbox 585 1497 658 1538; x_wconf 82' lang='lat' dir='ltr'><strong>vero</strong></span> <span class='ocrx_word' id='word_1_113' title='bbox 677 1479 767 1538; x_wconf 83' lang='lat' dir='ltr'><strong>lunae</strong></span> <span class='ocrx_word' id='word_1_114' title='bbox 782 1485 829 1543; x_wconf 87' lang='lat'><strong>11.</strong></span> <span class='ocrx_word' id='word_1_115' title='bbox 872 1476 948 1554; x_wconf 74' lang='lat' dir='ltr'><strong>laceo</strong></span> <span class='ocrx_word' id='word_1_116' title='bbox 966 1478 1057 1556; x_wconf 77' lang='lat' dir='ltr'><strong>rigua</strong></span> <span class='ocrx_word' id='word_1_117' title='bbox 1077 1476 1204 1537; x_wconf 78' lang='lat' dir='ltr'><strong>Paaclra</strong></span> <span class='ocrx_word' id='word_1_118' title='bbox 1225 1475 1312 1534; x_wconf 87' lang='lat' dir='ltr'><strong>Clui-</strong></span> 
     </span>
     <span class='ocr_line' id='line_1_15' title="bbox 192 1561 1314 1642; baseline -0.005 -15"><span class='ocrx_word' id='word_1_119' title='bbox 192 1565 359 1627; x_wconf 85' lang='lat' dir='ltr'><strong>atiancrum</strong></span> <span class='ocrx_word' id='word_1_120' title='bbox 378 1561 540 1640; x_wconf 72' lang='lat' dir='ltr'><strong>indigitant</strong></span> <span class='ocrx_word' id='word_1_121' title='bbox 554 1563 585 1620; x_wconf 90' lang='lat' dir='ltr'><strong>in</strong></span> <span class='ocrx_word' id='word_1_122' title='bbox 603 1563 652 1622; x_wconf 86' lang='lat' dir='ltr'><strong>die</strong></span> <span class='ocrx_word' id='word_1_123' title='bbox 668 1568 709 1630; x_wconf 88' lang='lat'><strong>18</strong></span> <span class='ocrx_word' id='word_1_124' title='bbox 723 1565 830 1622; x_wconf 77' lang='lat' dir='ltr'><strong>mancia</strong></span> <span class='ocrx_word' id='word_1_125' title='bbox 846 1562 976 1642; x_wconf 80' lang='lat' dir='ltr'><strong>Aprilia,</strong></span> <span class='ocrx_word' id='word_1_126' title='bbox 1006 1561 1065 1641; x_wconf 92' lang='lat' dir='ltr'><strong>qui</strong></span> <span class='ocrx_word' id='word_1_127' title='bbox 1084 1562 1159 1622; x_wconf 78' lang='lat' dir='ltr'><strong>dier</strong></span> <span class='ocrx_word' id='word_1_128' title='bbox 1173 1580 1314 1622; x_wconf 72' lang='lat' dir='ltr'><strong>neema-</strong></span> 
     </span>
     <span class='ocr_line' id='line_1_16' title="bbox 191 1646 1312 1724; baseline -0.004 -14"><span class='ocrx_word' id='word_1_129' title='bbox 191 1651 238 1710; x_wconf 90' lang='lat' dir='ltr'><strong>rio</strong></span> <span class='ocrx_word' id='word_1_130' title='bbox 258 1656 343 1708; x_wconf 78' lang='lat' dir='ltr'><strong>extra</strong></span> <span class='ocrx_word' id='word_1_131' title='bbox 358 1646 483 1724; x_wconf 85' lang='lat' dir='ltr'><strong>Hegirce</strong></span> <span class='ocrx_word' id='word_1_132' title='bbox 496 1647 566 1705; x_wconf 81' lang='lat' dir='ltr'><strong>armi</strong></span> <span class='ocrx_word' id='word_1_133' title='bbox 583 1651 645 1713; x_wconf 85' lang='lat'><strong>681</strong></span> <span class='ocrx_word' id='word_1_134' title='bbox 660 1647 735 1708; x_wconf 84' lang='lat' dir='ltr'><strong>finea</strong></span> <span class='ocrx_word' id='word_1_135' title='bbox 754 1647 891 1708; x_wconf 85' lang='lat' dir='ltr'><strong>exceaait.</strong></span> <span class='ocrx_word' id='word_1_136' title='bbox 933 1646 995 1706; x_wconf 83' lang='lat' dir='ltr'><strong>laec</strong></span> <span class='ocrx_word' id='word_1_137' title='bbox 1010 1647 1152 1707; x_wconf 83' lang='lat' dir='ltr'><strong>infitiari</strong></span> <span class='ocrx_word' id='word_1_138' title='bbox 1173 1667 1239 1706; x_wconf 88' lang='lat' dir='ltr'><strong>non</strong></span> <span class='ocrx_word' id='word_1_139' title='bbox 1260 1665 1312 1724; x_wconf 83' lang='lat' dir='ltr'><strong>pc-</strong></span> 
     </span>
     <span class='ocr_line' id='line_1_17' title="bbox 191 1729 1312 1810; baseline -0.004 -16"><span class='ocrx_word' id='word_1_140' title='bbox 191 1733 261 1794; x_wconf 87' lang='lat' dir='ltr'><strong>terit</strong></span> <span class='ocrx_word' id='word_1_141' title='bbox 281 1731 333 1810; x_wconf 90' lang='lat' dir='ltr'><strong>qui</strong></span> <span class='ocrx_word' id='word_1_142' title='bbox 351 1729 445 1810; x_wconf 75' lang='lat' dir='ltr'><strong>sciet,</strong></span> <span class='ocrx_word' id='word_1_143' title='bbox 473 1731 556 1810; x_wconf 89' lang='lat' dir='ltr'><strong>quod</strong></span> <span class='ocrx_word' id='word_1_144' title='bbox 573 1741 690 1792; x_wconf 85' lang='lat' dir='ltr'><strong>certum</strong></span> <span class='ocrx_word' id='word_1_145' title='bbox 714 1743 776 1807; x_wconf 83' lang='lat' dir='ltr'><strong>eat,</strong></span> <span class='ocrx_word' id='word_1_146' title='bbox 805 1751 916 1792; x_wconf 82' lang='lat' dir='ltr'><strong>annum</strong></span> <span class='ocrx_word' id='word_1_147' title='bbox 939 1732 1079 1792; x_wconf 73' lang='lat' dir='ltr'><strong>Arabum</strong></span> <span class='ocrx_word' id='word_1_148' title='bbox 1102 1733 1236 1792; x_wconf 87' lang='lat' dir='ltr'><strong>Iuliano</strong></span> <span class='ocrx_word' id='word_1_149' title='bbox 1254 1750 1312 1790; x_wconf 78' lang='lat' dir='ltr'><strong>eece</strong></span> 
     </span>
     <span class='ocr_line' id='line_1_18' title="bbox 192 1815 1311 1892; baseline -0.002 -14"><span class='ocrx_word' id='word_1_150' title='bbox 192 1817 338 1878; x_wconf 83' lang='lat' dir='ltr'><strong>minorem</strong></span> <span class='ocrx_word' id='word_1_151' title='bbox 356 1815 461 1876; x_wconf 88' lang='lat' dir='ltr'><strong>diebua</strong></span> <span class='ocrx_word' id='word_1_152' title='bbox 476 1817 581 1876; x_wconf 86' lang='lat' dir='ltr'><strong>aaltem</strong></span> <span class='ocrx_word' id='word_1_153' title='bbox 605 1817 717 1878; x_wconf 85' lang='lat' dir='ltr'><strong>decem.</strong></span> <span class='ocrx_word' id='word_1_154' title='bbox 759 1817 840 1877; x_wconf 84' lang='lat' dir='ltr'><strong>undo</strong></span> <span class='ocrx_word' id='word_1_155' title='bbox 859 1817 1053 1877; x_wconf 69' lang='lat' dir='ltr'><strong>manifestum</strong></span> <span class='ocrx_word' id='word_1_156' title='bbox 1075 1828 1149 1892; x_wconf 82' lang='lat' dir='ltr'><strong>eat,</strong></span> <span class='ocrx_word' id='word_1_157' title='bbox 1171 1818 1202 1876; x_wconf 85' lang='lat' dir='ltr'><strong>ai</strong></span> <span class='ocrx_word' id='word_1_158' title='bbox 1220 1835 1311 1876; x_wconf 80' lang='lat' dir='ltr'><strong>annua</strong></span> 
     </span>
     <span class='ocr_line' id='line_1_19' title="bbox 191 1901 1310 1980; baseline 0.004 -16"><span class='ocrx_word' id='word_1_159' title='bbox 191 1902 411 1967; x_wconf 79' lang='lat' dir='ltr'><strong>Arabicm681</strong></span> <span class='ocrx_word' id='word_1_160' title='bbox 426 1901 530 1968; x_wconf 66' lang='grc'><strong>(11882</strong></span> <span class='ocrx_word' id='word_1_161' title='bbox 545 1901 657 1980; x_wconf 75' lang='lat' dir='ltr'><strong>Aprilis</strong></span> <span class='ocrx_word' id='word_1_162' title='bbox 675 1902 747 1962; x_wconf 83' lang='lat' dir='ltr'><strong>euni</strong></span> <span class='ocrx_word' id='word_1_163' title='bbox 763 1902 832 1962; x_wconf 82' lang='lat' dir='ltr'><strong>chr.</strong></span> <span class='ocrx_word' id='word_1_164' title='bbox 848 1905 932 1967; x_wconf 75' lang='lat'><strong>1282</strong></span> <span class='ocrx_word' id='word_1_165' title='bbox 954 1902 1041 1978; x_wconf 74' lang='lat' dir='ltr'><strong>iniit,</strong></span> <span class='ocrx_word' id='word_1_166' title='bbox 1061 1903 1218 1964; x_wconf 71' lang='lat' dir='ltr'><strong>desinere</strong></span> <span class='ocrx_word' id='word_1_167' title='bbox 1230 1902 1310 1960; x_wconf 71' lang='lat' dir='ltr'><strong>illum</strong></span> 
     </span>
     <span class='ocr_line' id='line_1_20' title="bbox 192 1986 1311 2068; baseline -0.003 -21"><span class='ocrx_word' id='word_1_168' title='bbox 192 1987 328 2048; x_wconf 74' lang='lat' dir='ltr'><strong>debuine</strong></span> <span class='ocrx_word' id='word_1_169' title='bbox 339 1995 408 2044; x_wconf 87' lang='lat' dir='ltr'><strong>ente</strong></span> <span class='ocrx_word' id='word_1_170' title='bbox 425 1990 464 2051; x_wconf 91' lang='grc'><strong>18</strong></span> <span class='ocrx_word' id='word_1_171' title='bbox 477 1987 588 2064; x_wconf 74' lang='lat' dir='ltr'><strong>Aprilis</strong></span> <span class='ocrx_word' id='word_1_172' title='bbox 601 1989 672 2046; x_wconf 89' lang='lat' dir='ltr'><strong>anni</strong></span> <span class='ocrx_word' id='word_1_173' title='bbox 688 1987 756 2048; x_wconf 80' lang='lat' dir='ltr'><strong>eur.</strong></span> <span class='ocrx_word' id='word_1_174' title='bbox 775 1989 864 2061; x_wconf 82' lang='grc'><strong>1288,</strong></span> <span class='ocrx_word' id='word_1_175' title='bbox 876 1986 1051 2065; x_wconf 76' lang='lat' dir='ltr'><strong>quoniame</strong></span> <span class='ocrx_word' id='word_1_176' title='bbox 1067 1993 1119 2054; x_wconf 76' lang='lat'><strong>22</strong></span> <span class='ocrx_word' id='word_1_177' title='bbox 1136 1987 1257 2068; x_wconf 74' lang='lat' dir='ltr'><strong>Aprilis</strong></span> <span class='ocrx_word' id='word_1_178' title='bbox 1267 1987 1311 2044; x_wconf 83' lang='lat' dir='ltr'><strong>die</strong></span> 
     </span>
     <span class='ocr_line' id='line_1_21' title="bbox 193 2070 1311 2136; baseline 0 -4"><span class='ocrx_word' id='word_1_179' title='bbox 193 2072 232 2132; x_wconf 88' lang='lat' dir='ltr'><strong>ad</strong></span> <span class='ocrx_word' id='word_1_180' title='bbox 244 2071 323 2132; x_wconf 88' lang='lat' dir='ltr'><strong>diem</strong></span> <span class='ocrx_word' id='word_1_181' title='bbox 334 2070 465 2132; x_wconf 83' lang='lat' dir='ltr'><strong>eiuadem</strong></span> <span class='ocrx_word' id='word_1_182' title='bbox 478 2072 586 2130; x_wconf 87' lang='lat' dir='ltr'><strong>menaia</strong></span> <span class='ocrx_word' id='word_1_183' title='bbox 604 2076 643 2136; x_wconf 87' lang='lat'><strong>18</strong></span> <span class='ocrx_word' id='word_1_184' title='bbox 660 2092 721 2133; x_wconf 90' lang='lat' dir='ltr'><strong>non</strong></span> <span class='ocrx_word' id='word_1_185' title='bbox 734 2073 924 2131; x_wconf 82' lang='lat' dir='ltr'><strong>intercedunt</strong></span> <span class='ocrx_word' id='word_1_186' title='bbox 938 2071 1002 2131; x_wconf 76' lang='lat' dir='ltr'><strong>aliea</strong></span> <span class='ocrx_word' id='word_1_187' title='bbox 1018 2073 1147 2136; x_wconf 82' lang='lat' dir='ltr'><strong>decem.</strong></span> <span class='ocrx_word' id='word_1_188' title='bbox 1170 2081 1311 2133; x_wconf 84' lang='lat' dir='ltr'><strong>enoatau·</strong></span> 
     </span>
     <span class='ocr_line' id='line_1_22' title="bbox 193 2155 1309 2234; baseline -0.001 -19"><span class='ocrx_word' id='word_1_189' title='bbox 193 2177 259 2216; x_wconf 87' lang='lat' dir='ltr'><strong>aum</strong></span> <span class='ocrx_word' id='word_1_190' title='bbox 280 2155 565 2217; x_wconf 75' lang='lat' dir='ltr'><strong>evidenmrt’ncha</strong></span> <span class='ocrx_word' id='word_1_191' title='bbox 582 2155 820 2218; x_wconf 83' lang='lat' dir='ltr'><strong>Clariatianorum</strong></span> <span class='ocrx_word' id='word_1_192' title='bbox 839 2157 912 2216; x_wconf 87' lang='lat' dir='ltr'><strong>anni</strong></span> <span class='ocrx_word' id='word_1_193' title='bbox 933 2155 1065 2234; x_wconf 75' lang='lat' dir='ltr'><strong>Hagiree</strong></span> <span class='ocrx_word' id='word_1_194' title='bbox 1083 2162 1155 2224; x_wconf 87' lang='lat'><strong>681</strong></span> <span class='ocrx_word' id='word_1_195' title='bbox 1175 2160 1212 2218; x_wconf 84' lang='lat' dir='ltr'><strong>in</strong></span> <span class='ocrx_word' id='word_1_196' title='bbox 1229 2178 1309 2216; x_wconf 86' lang='lat' dir='ltr'><strong>men-</strong></span> 
     </span>
     <span class='ocr_line' id='line_1_23' title="bbox 193 2239 1308 2321; baseline 0.003 -21"><span class='ocrx_word' id='word_1_197' title='bbox 193 2263 255 2301; x_wconf 81' lang='lat' dir='ltr'><strong>aem</strong></span> <span class='ocrx_word' id='word_1_198' title='bbox 273 2239 488 2300; x_wconf 80' lang='lat' dir='ltr'><strong>llhnl-Heiam</strong></span> <span class='ocrx_word' id='word_1_199' title='bbox 505 2241 645 2301; x_wconf 84' lang='lat' dir='ltr'><strong>ultimum</strong></span> <span class='ocrx_word' id='word_1_200' title='bbox 663 2242 733 2302; x_wconf 87' lang='lat' dir='ltr'><strong>anni</strong></span> <span class='ocrx_word' id='word_1_201' title='bbox 756 2241 873 2302; x_wconf 72' lang='lat' dir='ltr'><strong>Arabici</strong></span> <span class='ocrx_word' id='word_1_202' title='bbox 890 2260 953 2300; x_wconf 88' lang='lat' dir='ltr'><strong>nou</strong></span> <span class='ocrx_word' id='word_1_203' title='bbox 970 2242 1118 2321; x_wconf 86' lang='lat' dir='ltr'><strong>potuiaae</strong></span> <span class='ocrx_word' id='word_1_204' title='bbox 1134 2243 1308 2302; x_wconf 79' lang='lat' dir='ltr'><strong>convenire.</strong></span> 
     </span>
     <span class='ocr_line' id='line_1_24' title="bbox 192 2324 1308 2404; baseline -0.001 -19"><span class='ocrx_word' id='word_1_205' title='bbox 192 2327 333 2404; x_wconf 85' lang='lat' dir='ltr'><strong>deincepa</strong></span> <span class='ocrx_word' id='word_1_206' title='bbox 348 2327 416 2404; x_wconf 85' lang='lat' dir='ltr'><strong>pari</strong></span> <span class='ocrx_word' id='word_1_207' title='bbox 436 2325 585 2386; x_wconf 82' lang='lat' dir='ltr'><strong>evidentia</strong></span> <span class='ocrx_word' id='word_1_208' title='bbox 607 2324 783 2388; x_wconf 83' lang='lat' dir='ltr'><strong>demonatro</strong></span> <span class='ocrx_word' id='word_1_209' title='bbox 802 2325 975 2386; x_wconf 77' lang='lat' dir='ltr'><strong>niceaimaau</strong></span> <span class='ocrx_word' id='word_1_210' title='bbox 995 2326 1222 2388; x_wconf 82' lang='lat' dir='ltr'><strong>[lirul-Haiae</strong></span> <span class='ocrx_word' id='word_1_211' title='bbox 1235 2328 1308 2387; x_wconf 86' lang='lat' dir='ltr'><strong>diana</strong></span> 
     </span>
     <span class='ocr_line' id='line_1_25' title="bbox 191 2409 1307 2490; baseline 0.002 -20"><span class='ocrx_word' id='word_1_212' title='bbox 191 2411 296 2470; x_wconf 87' lang='lat' dir='ltr'><strong>eodem</strong></span> <span class='ocrx_word' id='word_1_213' title='bbox 314 2410 368 2468; x_wconf 89' lang='lat' dir='ltr'><strong>illo</strong></span> <span class='ocrx_word' id='word_1_214' title='bbox 388 2429 469 2469; x_wconf 87' lang='lat' dir='ltr'><strong>anuo</strong></span> <span class='ocrx_word' id='word_1_215' title='bbox 490 2409 613 2490; x_wconf 72' lang='lat' dir='ltr'><strong>Hegirae</strong></span> <span class='ocrx_word' id='word_1_216' title='bbox 633 2416 693 2477; x_wconf 86' lang='lat'><strong>681</strong></span> <span class='ocrx_word' id='word_1_217' title='bbox 716 2412 819 2472; x_wconf 77' lang='lat' dir='ltr'><strong>scriem</strong></span> <span class='ocrx_word' id='word_1_218' title='bbox 840 2421 976 2490; x_wconf 89' lang='lat' dir='ltr'><strong>quartam</strong></span> <span class='ocrx_word' id='word_1_219' title='bbox 997 2431 1061 2471; x_wconf 87' lang='lat' dir='ltr'><strong>non</strong></span> <span class='ocrx_word' id='word_1_220' title='bbox 1097 2413 1211 2476; x_wconf 82' lang='lat' dir='ltr'><strong>suieae.</strong></span> <span class='ocrx_word' id='word_1_221' title='bbox 1254 2412 1307 2472; x_wconf 77' lang='lat' dir='ltr'><strong>fnit</strong></span> 
     </span>
     <span class='ocr_line' id='line_1_26' title="bbox 191 2492 1306 2576; baseline 0.002 -22"><span class='ocrx_word' id='word_1_222' title='bbox 191 2495 244 2554; x_wconf 87' lang='lat' dir='ltr'><strong>ille</strong></span> <span class='ocrx_word' id='word_1_223' title='bbox 259 2513 356 2554; x_wconf 87' lang='lat' dir='ltr'><strong>annua</strong></span> <span class='ocrx_word' id='word_1_224' title='bbox 374 2492 517 2554; x_wconf 70' lang='lat' dir='ltr'><strong>Arabim·</strong></span> <span class='ocrx_word' id='word_1_225' title='bbox 533 2494 741 2560; x_wconf 69' lang='lat' dir='ltr'><strong>embolimaeus</strong></span> <span class='ocrx_word' id='word_1_226' title='bbox 755 2517 791 2556; x_wconf 86' lang='lat' dir='ltr'><strong>nc</strong></span> <span class='ocrx_word' id='word_1_227' title='bbox 806 2504 1021 2576; x_wconf 82' lang='lat' dir='ltr'><strong>conrequenter</strong></span> <span class='ocrx_word' id='word_1_228' title='bbox 1038 2497 1109 2562; x_wconf 79' lang='lat'><strong>365</strong></span> <span class='ocrx_word' id='word_1_229' title='bbox 1124 2498 1262 2574; x_wconf 84' lang='lat' dir='ltr'><strong>dierum,</strong></span> <span class='ocrx_word' id='word_1_230' title='bbox 1281 2505 1306 2556; x_wconf 85' lang='lat' dir='ltr'><strong>et</strong></span> 
     </span>
     <span class='ocr_line' id='line_1_27' title="bbox 192 2578 1305 2659; baseline 0.002 -21"><span class='ocrx_word' id='word_1_231' title='bbox 192 2578 301 2638; x_wconf 77' lang='lat' dir='ltr'><strong>ulul-</strong></span> <span class='ocrx_word' id='word_1_232' title='bbox 311 2579 386 2637; x_wconf 86' lang='lat' dir='ltr'><strong>Haia</strong></span> <span class='ocrx_word' id='word_1_233' title='bbox 399 2580 507 2640; x_wconf 74' lang='lat' dir='ltr'><strong>menois</strong></span> <span class='ocrx_word' id='word_1_234' title='bbox 522 2581 586 2640; x_wconf 84' lang='lat' dir='ltr'><strong>eiua</strong></span> <span class='ocrx_word' id='word_1_235' title='bbox 600 2581 726 2641; x_wconf 72' lang='lat' dir='ltr'><strong>ultimus</strong></span> <span class='ocrx_word' id='word_1_236' title='bbox 743 2581 775 2641; x_wconf 92' lang='lat' dir='ltr'><strong>in</strong></span> <span class='ocrx_word' id='word_1_237' title='bbox 796 2582 880 2642; x_wconf 83' lang='lat' dir='ltr'><strong>annia</strong></span> <span class='ocrx_word' id='word_1_238' title='bbox 900 2581 1062 2642; x_wconf 87' lang='lat' dir='ltr'><strong>ordinariia</strong></span> <span class='ocrx_word' id='word_1_239' title='bbox 1078 2601 1200 2659; x_wconf 83' lang='lat' dir='ltr'><strong>cavus,</strong></span> <span class='ocrx_word' id='word_1_240' title='bbox 1223 2584 1256 2642; x_wconf 92' lang='lat' dir='ltr'><strong>in</strong></span> <span class='ocrx_word' id='word_1_241' title='bbox 1274 2602 1305 2640; x_wconf 87' lang='lat' dir='ltr'><strong>ao</strong></span> 
     </span>
     <span class='ocr_line' id='line_1_28' title="bbox 192 2661 1305 2747; baseline 0.001 -22"><span class='ocrx_word' id='word_1_242' title='bbox 192 2661 395 2746; x_wconf 69' lang='lat' dir='ltr'><strong>plumescit,</strong></span> <span class='ocrx_word' id='word_1_243' title='bbox 418 2663 482 2724; x_wconf 79' lang='lat' dir='ltr'><strong>dieo</strong></span> <span class='ocrx_word' id='word_1_244' title='bbox 496 2683 655 2724; x_wconf 70' lang='lat' dir='ltr'><strong>numerant</strong></span> <span class='ocrx_word' id='word_1_245' title='bbox 675 2666 807 2744; x_wconf 80' lang='lat' dir='ltr'><strong>triginta.</strong></span> <span class='ocrx_word' id='word_1_246' title='bbox 850 2666 997 2727; x_wconf 86' lang='lat' dir='ltr'><strong>tollantur</strong></span> <span class='ocrx_word' id='word_1_247' title='bbox 1010 2669 1089 2743; x_wconf 77' lang='lat'><strong>856,</strong></span> <span class='ocrx_word' id='word_1_248' title='bbox 1113 2669 1172 2747; x_wconf 85' lang='lat' dir='ltr'><strong>qui</strong></span> <span class='ocrx_word' id='word_1_249' title='bbox 1189 2678 1240 2728; x_wconf 87' lang='lat' dir='ltr'><strong>eat</strong></span> <span class='ocrx_word' id='word_1_250' title='bbox 1251 2687 1305 2726; x_wconf 90' lang='lat' dir='ltr'><strong>nn-</strong></span> 
     </span>
     <span class='ocr_line' id='line_1_29' title="bbox 193 2747 1305 2831; baseline 0.004 -21"><span class='ocrx_word' id='word_1_251' title='bbox 193 2769 294 2810; x_wconf 85' lang='lat' dir='ltr'><strong>merua</strong></span> <span class='ocrx_word' id='word_1_252' title='bbox 309 2747 425 2810; x_wconf 82' lang='lat' dir='ltr'><strong>dierum</strong></span> <span class='ocrx_word' id='word_1_253' title='bbox 443 2749 514 2808; x_wconf 85' lang='lat' dir='ltr'><strong>enni</strong></span> <span class='ocrx_word' id='word_1_254' title='bbox 529 2749 601 2829; x_wconf 74' lang='lat' dir='ltr'><strong>Heg.</strong></span> <span class='ocrx_word' id='word_1_255' title='bbox 610 2754 684 2826; x_wconf 88' lang='lat'><strong>681,</strong></span> <span class='ocrx_word' id='word_1_256' title='bbox 697 2751 737 2812; x_wconf 89' lang='lat' dir='ltr'><strong>de</strong></span> <span class='ocrx_word' id='word_1_257' title='bbox 749 2753 839 2817; x_wconf 72' lang='lat'>365·</span> <span class='ocrx_word' id='word_1_258' title='bbox 854 2751 903 2811; x_wconf 89' lang='lat' dir='ltr'><strong>die</strong></span> <span class='ocrx_word' id='word_1_259' title='bbox 917 2751 1087 2831; x_wconf 53' lang='lat' dir='ltr'><strong>&amp;Aquilia</strong></span> <span class='ocrx_word' id='word_1_260' title='bbox 1103 2754 1184 2814; x_wconf 87' lang='lat' dir='ltr'><strong>anni</strong></span> <span class='ocrx_word' id='word_1_261' title='bbox 1201 2752 1305 2814; x_wconf 79' lang='lat' dir='ltr'><strong>Chriati</strong></span> 
     </span>
     <span class='ocr_line' id='line_1_30' title="bbox 195 2832 1304 2912; baseline 0.006 -21"><span class='ocrx_word' id='word_1_262' title='bbox 195 2839 277 2899; x_wconf 78' lang='lat'><strong>1282</strong></span> <span class='ocrx_word' id='word_1_263' title='bbox 303 2832 546 2912; x_wconf 71' lang='lat' dir='ltr'><strong>incipientibuaa&#39;</strong></span> <span class='ocrx_word' id='word_1_264' title='bbox 563 2835 690 2896; x_wconf 73' lang='lat' dir='ltr'><strong>ultimus</strong></span> <span class='ocrx_word' id='word_1_265' title='bbox 715 2837 904 2897; x_wconf 77' lang='lat' dir='ltr'><strong>reciduorum</strong></span> <span class='ocrx_word' id='word_1_266' title='bbox 931 2835 1020 2896; x_wconf 85' lang='lat' dir='ltr'><strong>cadet</strong></span> <span class='ocrx_word' id='word_1_267' title='bbox 1040 2835 1073 2894; x_wconf 86' lang='lat' dir='ltr'><strong>iu</strong></span> <span class='ocrx_word' id='word_1_268' title='bbox 1105 2840 1304 2898; x_wconf 81' lang='lat' dir='ltr'><strong>undecimum</strong></span> 
     </span>
     <span class='ocr_line' id='line_1_31' title="bbox 192 2918 1303 3003; baseline 0.003 -24"><span class='ocrx_word' id='word_1_269' title='bbox 192 2918 306 3000; x_wconf 74' lang='lat' dir='ltr'><strong>Aprili·</strong></span> <span class='ocrx_word' id='word_1_270' title='bbox 319 2918 518 2980; x_wconf 80' lang='lat' dir='ltr'><strong>annichriati</strong></span> <span class='ocrx_word' id='word_1_271' title='bbox 534 2923 624 2986; x_wconf 77' lang='lat'><strong>1288.</strong></span> <span class='ocrx_word' id='word_1_272' title='bbox 666 2919 718 2981; x_wconf 86' lang='lat' dir='ltr'><strong>hic</strong></span> <span class='ocrx_word' id='word_1_273' title='bbox 729 2921 950 2984; x_wconf 80' lang='lat' dir='ltr'><strong>esttrioeaimna</strong></span> <span class='ocrx_word' id='word_1_274' title='bbox 964 2919 1197 3001; x_wconf 53' lang='lat' dir='ltr'><strong>lilani-Heium</strong></span> <span class='ocrx_word' id='word_1_275' title='bbox 1217 2946 1236 2982; x_wconf 85' lang='lat' dir='ltr'><strong>a</strong></span> <span class='ocrx_word' id='word_1_276' title='bbox 1251 2943 1303 3003; x_wconf 86' lang='lat' dir='ltr'><strong>qno</strong></span> 
     </span>
     <span class='ocr_line' id='line_1_32' title="bbox 193 3004 1304 3084; baseline 0.005 -21"><span class='ocrx_word' id='word_1_277' title='bbox 193 3004 219 3064; x_wconf 86' lang='lat' dir='ltr'><strong>ai</strong></span> <span class='ocrx_word' id='word_1_278' title='bbox 246 3011 327 3062; x_wconf 87' lang='lat' dir='ltr'><strong>retro</strong></span> <span class='ocrx_word' id='word_1_279' title='bbox 347 3004 449 3066; x_wconf 84' lang='lat' dir='ltr'><strong>decem</strong></span> <span class='ocrx_word' id='word_1_280' title='bbox 471 3005 577 3066; x_wconf 87' lang='lat' dir='ltr'><strong>diebua</strong></span> <span class='ocrx_word' id='word_1_281' title='bbox 594 3025 784 3084; x_wconf 77' lang='lat' dir='ltr'><strong>promovear,</strong></span> <span class='ocrx_word' id='word_1_282' title='bbox 812 3006 948 3066; x_wconf 83' lang='lat' dir='ltr'><strong>inveniea</strong></span> <span class='ocrx_word' id='word_1_283' title='bbox 970 3006 1157 3068; x_wconf 81' lang='lat' dir='ltr'><strong>vicoaimum</strong></span> <span class='ocrx_word' id='word_1_284' title='bbox 1175 3009 1304 3069; x_wconf 68' lang='lat' dir='ltr'><strong>eiusdem</strong></span> 
     </span>
     <span class='ocr_line' id='line_1_33' title="bbox 193 3087 1304 3171; baseline 0.004 -23"><span class='ocrx_word' id='word_1_285' title='bbox 193 3087 402 3148; x_wconf 74' lang='lat' dir='ltr'><strong>[thul-flaiaa</strong></span> <span class='ocrx_word' id='word_1_286' title='bbox 421 3089 554 3170; x_wconf 79' lang='lat' dir='ltr'><strong>primum</strong></span> <span class='ocrx_word' id='word_1_287' title='bbox 576 3090 694 3165; x_wconf 77' lang='lat' dir='ltr'><strong>Martii,</strong></span> <span class='ocrx_word' id='word_1_288' title='bbox 715 3092 767 3171; x_wconf 89' lang='lat' dir='ltr'><strong>qui</strong></span> <span class='ocrx_word' id='word_1_289' title='bbox 793 3091 858 3152; x_wconf 80' lang='lat' dir='ltr'><strong>dica</strong></span> <span class='ocrx_word' id='word_1_290' title='bbox 875 3090 957 3152; x_wconf 82' lang='lat' dir='ltr'><strong>levia</strong></span> <span class='ocrx_word' id='word_1_291' title='bbox 978 3100 1008 3150; x_wconf 86' lang='lat' dir='ltr'><strong>et</strong></span> <span class='ocrx_word' id='word_1_292' title='bbox 1029 3091 1254 3170; x_wconf 85' lang='lat' dir='ltr'><strong>quintaferia‚</strong></span> <span class='ocrx_word' id='word_1_293' title='bbox 1273 3113 1304 3152; x_wconf 81' lang='lat' dir='ltr'><strong>eo</strong></span> 
     </span>
     <span class='ocr_line' id='line_1_34' title="bbox 192 3172 1305 3257; baseline 0.004 -26"><span class='ocrx_word' id='word_1_294' title='bbox 192 3191 273 3232; x_wconf 90' lang='lat' dir='ltr'><strong>anno</strong></span> <span class='ocrx_word' id='word_1_295' title='bbox 287 3172 405 3232; x_wconf 85' lang='lat' dir='ltr'><strong>literam</strong></span> <span class='ocrx_word' id='word_1_296' title='bbox 432 3173 638 3238; x_wconf 78' lang='lat' dir='ltr'><strong>dominicalem</strong></span> <span class='ocrx_word' id='word_1_297' title='bbox 657 3177 680 3234; x_wconf 83' lang='lat' dir='ltr'>C</span> <span class='ocrx_word' id='word_1_298' title='bbox 699 3173 846 3252; x_wconf 83' lang='lat' dir='ltr'><strong>habente,</strong></span> <span class='ocrx_word' id='word_1_299' title='bbox 870 3176 947 3250; x_wconf 86' lang='lat' dir='ltr'><strong>fuit,</strong></span> <span class='ocrx_word' id='word_1_300' title='bbox 968 3193 1032 3234; x_wconf 86' lang='lat' dir='ltr'><strong>non</strong></span> <span class='ocrx_word' id='word_1_301' title='bbox 1055 3187 1186 3257; x_wconf 85' lang='lat' dir='ltr'><strong>autem,</strong></span> <span class='ocrx_word' id='word_1_302' title='bbox 1210 3189 1248 3240; x_wconf 89' lang='lat' dir='ltr'><strong>ut</strong></span> <span class='ocrx_word' id='word_1_303' title='bbox 1267 3177 1305 3237; x_wconf 90' lang='lat' dir='ltr'><strong>ait</strong></span> 
     </span>
     <span class='ocr_line' id='line_1_35' title="bbox 193 3255 1102 3340; baseline -0.002 -20"><span class='ocrx_word' id='word_1_304' title='bbox 193 3255 452 3338; x_wconf 68' lang='lat' dir='ltr'><strong>abulpharagius,</strong></span> <span class='ocrx_word' id='word_1_305' title='bbox 475 3260 539 3319; x_wconf 79' lang='lat' dir='ltr'><strong>dieo</strong></span> <span class='ocrx_word' id='word_1_306' title='bbox 553 3259 693 3322; x_wconf 81' lang='lat' dir='ltr'><strong>Mercurii</strong></span> <span class='ocrx_word' id='word_1_307' title='bbox 712 3262 777 3322; x_wconf 84' lang='lat' dir='ltr'><strong>aive</strong></span> <span class='ocrx_word' id='word_1_308' title='bbox 793 3271 898 3339; x_wconf 86' lang='lat' dir='ltr'><strong>quarta</strong></span> <span class='ocrx_word' id='word_1_309' title='bbox 911 3260 994 3322; x_wconf 77' lang='lat' dir='ltr'><strong>feria.</strong></span> <span class='ocrx_word' id='word_1_310' title='bbox 1099 3334 1102 3340; x_wconf 71' lang='lat'><em>,</em></span> 
     </span>
    </p>

    <p class='ocr_par' dir='ltr' id='par_1_3' title="bbox 134 3340 1312 4022">
     <span class='ocr_line' id='line_1_36' title="bbox 278 3340 1305 3432; baseline 0.008 -32"><span class='ocrx_word' id='word_1_311' title='bbox 278 3340 361 3403; x_wconf 82' lang='lat' dir='ltr'><strong>XIV.</strong></span> <span class='ocrx_word' id='word_1_312' title='bbox 401 3342 456 3402; x_wconf 74' lang='lat' dir='ltr'><strong>flia</strong></span> <span class='ocrx_word' id='word_1_313' title='bbox 469 3343 566 3432; x_wconf 72' lang='lat' dir='ltr'><strong>lector</strong></span> <span class='ocrx_word' id='word_1_314' title='bbox 578 3347 702 3405; x_wconf 87' lang='lat' dir='ltr'><strong>adactua</strong></span> <span class='ocrx_word' id='word_1_315' title='bbox 715 3345 753 3406; x_wconf 91' lang='lat' dir='ltr'><strong>ad</strong></span> <span class='ocrx_word' id='word_1_316' title='bbox 764 3346 919 3408; x_wconf 75' lang='lat' dir='ltr'><strong>latendum</strong></span> <span class='ocrx_word' id='word_1_317' title='bbox 931 3344 1130 3408; x_wconf 74' lang='lat' dir='ltr'><strong>characterea-</strong></span> <span class='ocrx_word' id='word_1_318' title='bbox 1141 3348 1224 3408; x_wconf 85' lang='lat' dir='ltr'><strong>ialoa</strong></span> <span class='ocrx_word' id='word_1_319' title='bbox 1235 3348 1305 3408; x_wconf 77' lang='lat' dir='ltr'><strong>duca</strong></span> 
     </span>
     <span class='ocr_line' id='line_1_37' title="bbox 195 3425 1306 3504; baseline 0.005 -18"><span class='ocrx_word' id='word_1_320' title='bbox 195 3425 433 3504; x_wconf 75' lang='lat' dir='ltr'><strong>chronologicae,</strong></span> <span class='ocrx_word' id='word_1_321' title='bbox 456 3429 587 3490; x_wconf 79' lang='lat' dir='ltr'><strong>Paschae</strong></span> <span class='ocrx_word' id='word_1_322' title='bbox 600 3430 760 3492; x_wconf 72' lang='lat' dir='ltr'><strong>incidentia</strong></span> <span class='ocrx_word' id='word_1_323' title='bbox 773 3432 807 3491; x_wconf 89' lang='lat' dir='ltr'><strong>in</strong></span> <span class='ocrx_word' id='word_1_324' title='bbox 825 3451 956 3492; x_wconf 86' lang='lat' dir='ltr'><strong>menaem</strong></span> <span class='ocrx_word' id='word_1_325' title='bbox 971 3428 1080 3490; x_wconf 88' lang='lat' dir='ltr'><strong>llbul-</strong></span> <span class='ocrx_word' id='word_1_326' title='bbox 1090 3431 1208 3494; x_wconf 83' lang='lat' dir='ltr'><strong>Haiam</strong></span> <span class='ocrx_word' id='word_1_327' title='bbox 1222 3445 1253 3494; x_wconf 89' lang='lat' dir='ltr'><strong>et</strong></span> <span class='ocrx_word' id='word_1_328' title='bbox 1264 3434 1306 3492; x_wconf 85' lang='lat' dir='ltr'><strong>lc-</strong></span> 
     </span>
     <span class='ocr_line' id='line_1_38' title="bbox 193 3512 1307 3593; baseline 0.004 -21"><span class='ocrx_word' id='word_1_329' title='bbox 193 3514 257 3572; x_wconf 82' lang='lat' dir='ltr'><strong>riae</strong></span> <span class='ocrx_word' id='word_1_330' title='bbox 277 3520 401 3590; x_wconf 76' lang='lat' dir='ltr'><strong>quartae</strong></span> <span class='ocrx_word' id='word_1_331' title='bbox 421 3512 612 3592; x_wconf 76' lang='lat' dir='ltr'><strong>iuaignientia</strong></span> <span class='ocrx_word' id='word_1_332' title='bbox 631 3516 808 3577; x_wconf 76' lang='lat' dir='ltr'><strong>vicesimum</strong></span> <span class='ocrx_word' id='word_1_333' title='bbox 830 3515 1032 3576; x_wconf 82' lang='lat' dir='ltr'><strong>lllrul-llaiac</strong></span> <span class='ocrx_word' id='word_1_334' title='bbox 1053 3516 1162 3593; x_wconf 83' lang='lat' dir='ltr'><strong>diem,</strong></span> <span class='ocrx_word' id='word_1_335' title='bbox 1186 3520 1307 3578; x_wconf 85' lang='lat' dir='ltr'><strong>minime</strong></span> 
     </span>
     <span class='ocr_line' id='line_1_39' title="bbox 134 3598 1308 3680; baseline 0.007 -24"><span class='ocrx_word' id='word_1_336' title='bbox 134 3655 137 3661; x_wconf 88' lang='grc'><strong>,</strong></span> <span class='ocrx_word' id='word_1_337' title='bbox 197 3598 358 3656; x_wconf 81' lang='lat' dir='ltr'><strong>convenire</strong></span> <span class='ocrx_word' id='word_1_338' title='bbox 378 3598 412 3658; x_wconf 81' lang='lat' dir='ltr'><strong>id</strong></span> <span class='ocrx_word' id='word_1_339' title='bbox 432 3618 545 3658; x_wconf 87' lang='lat' dir='ltr'><strong>annum</strong></span> <span class='ocrx_word' id='word_1_340' title='bbox 570 3599 694 3678; x_wconf 81' lang='lat' dir='ltr'><strong>Hegirce</strong></span> <span class='ocrx_word' id='word_1_341' title='bbox 710 3606 783 3672; x_wconf 83' lang='lat'><strong>681,</strong></span> <span class='ocrx_word' id='word_1_342' title='bbox 802 3611 924 3680; x_wconf 85' lang='lat' dir='ltr'><strong>quaeret</strong></span> <span class='ocrx_word' id='word_1_343' title='bbox 944 3600 1024 3660; x_wconf 81' lang='lat' dir='ltr'><strong>forte</strong></span> <span class='ocrx_word' id='word_1_344' title='bbox 1042 3621 1126 3662; x_wconf 82' lang='lat' dir='ltr'><strong>num</strong></span> <span class='ocrx_word' id='word_1_345' title='bbox 1151 3604 1185 3663; x_wconf 85' lang='lat' dir='ltr'><strong>in</strong></span> <span class='ocrx_word' id='word_1_346' title='bbox 1215 3605 1308 3664; x_wconf 85' lang='lat' dir='ltr'><strong>alium</strong></span> 
     </span>
     <span class='ocr_line' id='line_1_40' title="bbox 195 3684 1311 3770; baseline 0.005 -28"><span class='ocrx_word' id='word_1_347' title='bbox 195 3685 386 3742; x_wconf 82' lang='lat' dir='ltr'><strong>conveniant.</strong></span> <span class='ocrx_word' id='word_1_348' title='bbox 428 3701 491 3744; x_wconf 85' lang='lat' dir='ltr'><strong>non</strong></span> <span class='ocrx_word' id='word_1_349' title='bbox 511 3684 599 3763; x_wconf 80' lang='lat' dir='ltr'><strong>longe</strong></span> <span class='ocrx_word' id='word_1_350' title='bbox 619 3685 766 3746; x_wconf 81' lang='lat' dir='ltr'><strong>abibitm:</strong></span> <span class='ocrx_word' id='word_1_351' title='bbox 790 3687 837 3744; x_wconf 89' lang='lat' dir='ltr'><strong>aio</strong></span> <span class='ocrx_word' id='word_1_352' title='bbox 859 3685 1013 3766; x_wconf 87' lang='lat' dir='ltr'><strong>aptiaaimc</strong></span> <span class='ocrx_word' id='word_1_353' title='bbox 1029 3687 1144 3768; x_wconf 71' lang='lat' dir='ltr'><strong>ambos</strong></span> <span class='ocrx_word' id='word_1_354' title='bbox 1158 3690 1311 3770; x_wconf 82' lang='lat' dir='ltr'><strong>quadrare</strong></span> 
     </span>
     <span class='ocr_line' id='line_1_41' title="bbox 193 3753 1311 3849; baseline 0.007 -21"><span class='ocrx_word' id='word_1_355' title='bbox 193 3767 227 3828; x_wconf 90' lang='lat' dir='ltr'><strong>in</strong></span> <span class='ocrx_word' id='word_1_356' title='bbox 244 3785 356 3826; x_wconf 85' lang='lat' dir='ltr'><strong>annum</strong></span> <span class='ocrx_word' id='word_1_357' title='bbox 370 3753 488 3847; x_wconf 72' lang='grc' dir='ltr'><strong><em>α’μὲσως</em></strong></span> <span class='ocrx_word' id='word_1_358' title='bbox 505 3770 743 3849; x_wconf 83' lang='lat' dir='ltr'><strong>praecedentem,</strong></span> <span class='ocrx_word' id='word_1_359' title='bbox 764 3771 905 3832; x_wconf 82' lang='lat' dir='ltr'><strong>videlicet</strong></span> <span class='ocrx_word' id='word_1_360' title='bbox 917 3769 1046 3848; x_wconf 81' lang='lat' dir='ltr'><strong>Hegirao</strong></span> <span class='ocrx_word' id='word_1_361' title='bbox 1057 3776 1141 3839; x_wconf 83' lang='grc'><strong>686.</strong></span> <span class='ocrx_word' id='word_1_362' title='bbox 1187 3775 1243 3835; x_wconf 86' lang='lat' dir='ltr'><strong>hic</strong></span> <span class='ocrx_word' id='word_1_363' title='bbox 1257 3793 1311 3834; x_wconf 84' lang='lat' dir='ltr'><strong>au-</strong></span> 
     </span>
     <span class='ocr_line' id='line_1_42' title="bbox 194 3851 1312 3937; baseline 0.007 -25"><span class='ocrx_word' id='word_1_364' title='bbox 194 3869 258 3912; x_wconf 81' lang='lat' dir='ltr'><strong>nua</strong></span> <span class='ocrx_word' id='word_1_365' title='bbox 268 3851 386 3912; x_wconf 87' lang='lat' dir='ltr'><strong>initium</strong></span> <span class='ocrx_word' id='word_1_366' title='bbox 400 3853 518 3914; x_wconf 85' lang='lat' dir='ltr'><strong>duxita</strong></span> <span class='ocrx_word' id='word_1_367' title='bbox 535 3855 585 3915; x_wconf 91' lang='lat' dir='ltr'><strong>die</strong></span> <span class='ocrx_word' id='word_1_368' title='bbox 602 3861 645 3921; x_wconf 79' lang='lat'><strong>22-</strong></span> <span class='ocrx_word' id='word_1_369' title='bbox 656 3855 767 3936; x_wconf 72' lang='lat' dir='ltr'><strong>Aprilia</strong></span> <span class='ocrx_word' id='word_1_370' title='bbox 782 3856 891 3916; x_wconf 82' lang='lat' dir='ltr'><strong>Iuliani</strong></span> <span class='ocrx_word' id='word_1_371' title='bbox 905 3875 984 3916; x_wconf 89' lang='lat' dir='ltr'><strong>anno</strong></span> <span class='ocrx_word' id='word_1_372' title='bbox 999 3853 1121 3916; x_wconf 85' lang='lat' dir='ltr'><strong>Chriati</strong></span> <span class='ocrx_word' id='word_1_373' title='bbox 1136 3864 1234 3937; x_wconf 81' lang='lat'><strong>1281,</strong></span> <span class='ocrx_word' id='word_1_374' title='bbox 1255 3861 1312 3920; x_wconf 85' lang='lat' dir='ltr'><strong>de-</strong></span> 
     </span>
     <span class='ocr_line' id='line_1_43' title="bbox 192 3936 1312 4022; baseline 0.01 -26"><span class='ocrx_word' id='word_1_375' title='bbox 192 3936 245 3996; x_wconf 88' lang='lat' dir='ltr'><strong>aiit</strong></span> <span class='ocrx_word' id='word_1_376' title='bbox 257 3947 357 4000; x_wconf 86' lang='lat' dir='ltr'><strong>autem</strong></span> <span class='ocrx_word' id='word_1_377' title='bbox 373 3936 421 4004; x_wconf 87' lang='lat' dir='ltr'><strong>die</strong></span> <span class='ocrx_word' id='word_1_378' title='bbox 431 3939 546 4000; x_wconf 88' lang='lat' dir='ltr'><strong>decima</strong></span> <span class='ocrx_word' id='word_1_379' title='bbox 556 3939 688 4002; x_wconf 65' lang='lat' dir='ltr'><strong>eiufflem</strong></span> <span class='ocrx_word' id='word_1_380' title='bbox 704 3940 904 4020; x_wconf 73' lang='lat' dir='ltr'><strong>Apriliaanno</strong></span> <span class='ocrx_word' id='word_1_381' title='bbox 919 3939 1035 4000; x_wconf 82' lang='lat' dir='ltr'><strong>Chriati</strong></span> <span class='ocrx_word' id='word_1_382' title='bbox 1049 3947 1201 4022; x_wconf 75' lang='lat' dir='ltr'><strong>aequanti</strong></span> <span class='ocrx_word' id='word_1_383' title='bbox 1218 3950 1312 4013; x_wconf 75' lang='lat'><strong>1282</strong></span> 
     </span>
    </p>
   </div>
   <div class='ocr_carea' id='block_1_3' title="bbox 73 4019 1312 4106">
    <p class='ocr_par' dir='ltr' id='par_1_4' title="bbox 73 4019 1312 4106">
     <span class='ocr_line' id='line_1_44' title="bbox 73 4019 1312 4106; baseline 0.01 -27"><span class='ocrx_word' id='word_1_384' title='bbox 73 4055 79 4060; x_wconf 63' lang='lat'><strong>„</strong></span> <span class='ocrx_word' id='word_1_385' title='bbox 194 4019 254 4080; x_wconf 77' lang='lat' dir='ltr'><strong>suia</strong></span> <span class='ocrx_word' id='word_1_386' title='bbox 271 4040 367 4080; x_wconf 81' lang='lat' dir='ltr'><strong>annua</strong></span> <span class='ocrx_word' id='word_1_387' title='bbox 382 4021 492 4085; x_wconf 86' lang='lat' dir='ltr'><strong>Clariati</strong></span> <span class='ocrx_word' id='word_1_388' title='bbox 507 4029 589 4091; x_wconf 76' lang='lat'><strong>1282</strong></span> <span class='ocrx_word' id='word_1_389' title='bbox 603 4027 722 4104; x_wconf 85' lang='lat' dir='ltr'><strong>periodi</strong></span> <span class='ocrx_word' id='word_1_390' title='bbox 734 4026 866 4086; x_wconf 87' lang='lat' dir='ltr'><strong>Iulianae</strong></span> <span class='ocrx_word' id='word_1_391' title='bbox 880 4028 973 4093; x_wconf 77' lang='lat'><strong>699⁶.</strong></span> <span class='ocrx_word' id='word_1_392' title='bbox 1017 4027 1152 4106; x_wconf 80' lang='lat' dir='ltr'><strong>cyclum</strong></span> <span class='ocrx_word' id='word_1_393' title='bbox 1166 4031 1242 4093; x_wconf 83' lang='lat' dir='ltr'><strong>aolia</strong></span> <span class='ocrx_word' id='word_1_394' title='bbox 1255 4030 1312 4091; x_wconf 80' lang='lat' dir='ltr'><strong>laa-</strong></span> 
     </span>
    </p>
   </div>
   <div class='ocr_carea' id='block_1_4' title="bbox 193 4101 1315 4362">
    <p class='ocr_par' dir='ltr' id='par_1_5' title="bbox 193 4101 1315 4362">
     <span class='ocr_line' id='line_1_45' title="bbox 195 4101 1314 4190; baseline 0.013 -28"><span class='ocrx_word' id='word_1_395' title='bbox 195 4104 263 4164; x_wconf 84' lang='lat' dir='ltr'><strong>buit</strong></span> <span class='ocrx_word' id='word_1_396' title='bbox 278 4112 300 4171; x_wconf 80' lang='grc'><strong>8</strong></span> <span class='ocrx_word' id='word_1_397' title='bbox 318 4101 385 4168; x_wconf 84' lang='lat' dir='ltr'><strong>euna</strong></span> <span class='ocrx_word' id='word_1_398' title='bbox 403 4107 492 4170; x_wconf 82' lang='lat' dir='ltr'><strong>litera</strong></span> <span class='ocrx_word' id='word_1_399' title='bbox 514 4110 689 4176; x_wconf 81' lang='lat' dir='ltr'><strong>dominicali</strong></span> <span class='ocrx_word' id='word_1_400' title='bbox 706 4112 741 4186; x_wconf 92' lang='grc'><strong>1),</strong></span> <span class='ocrx_word' id='word_1_401' title='bbox 761 4113 881 4190; x_wconf 83' lang='lat' dir='ltr'><strong>cyclum</strong></span> <span class='ocrx_word' id='word_1_402' title='bbox 901 4131 974 4172; x_wconf 81' lang='lat' dir='ltr'><strong>vero</strong></span> <span class='ocrx_word' id='word_1_403' title='bbox 992 4110 1089 4173; x_wconf 85' lang='lat' dir='ltr'><strong>lunae</strong></span> <span class='ocrx_word' id='word_1_404' title='bbox 1109 4119 1168 4182; x_wconf 86' lang='grc'><strong>10.</strong></span> <span class='ocrx_word' id='word_1_405' title='bbox 1214 4117 1314 4178; x_wconf 78' lang='lat' dir='ltr'><strong>exlaia</strong></span> 
     </span>
     <span class='ocr_line' id='line_1_46' title="bbox 193 4189 1315 4277; baseline 0.016 -29"><span class='ocrx_word' id='word_1_406' title='bbox 193 4198 279 4266; x_wconf 81' lang='lat' dir='ltr'><strong>petet</strong></span> <span class='ocrx_word' id='word_1_407' title='bbox 299 4189 409 4254; x_wconf 84' lang='lat' dir='ltr'><strong>Paaeha</strong></span> <span class='ocrx_word' id='word_1_408' title='bbox 428 4191 491 4258; x_wconf 83' lang='lat' dir='ltr'><strong>eiua</strong></span> <span class='ocrx_word' id='word_1_409' title='bbox 515 4197 586 4262; x_wconf 89' lang='lat' dir='ltr'><strong>anni</strong></span> <span class='ocrx_word' id='word_1_410' title='bbox 610 4216 771 4277; x_wconf 86' lang='lat' dir='ltr'><strong>occupaaae</strong></span> <span class='ocrx_word' id='word_1_411' title='bbox 783 4197 863 4258; x_wconf 84' lang='lat' dir='ltr'><strong>diam</strong></span> <span class='ocrx_word' id='word_1_412' title='bbox 878 4199 919 4262; x_wconf 74' lang='lat'><strong>29</strong></span> <span class='ocrx_word' id='word_1_413' title='bbox 941 4198 1054 4258; x_wconf 79' lang='lat' dir='ltr'><strong>mencio</strong></span> <span class='ocrx_word' id='word_1_414' title='bbox 1069 4199 1190 4262; x_wconf 83' lang='lat' dir='ltr'><strong>luliaui</strong></span> <span class='ocrx_word' id='word_1_415' title='bbox 1203 4203 1315 4266; x_wconf 78' lang='lat' dir='ltr'><strong>Martii.</strong></span> 
     </span>
     <span class='ocr_line' id='line_1_47' title="bbox 194 4270 1315 4362; baseline 0.018 -32"><span class='ocrx_word' id='word_1_416' title='bbox 194 4270 268 4334; x_wconf 82' lang='lat' dir='ltr'><strong>boec</strong></span> <span class='ocrx_word' id='word_1_417' title='bbox 287 4275 352 4340; x_wconf 80' lang='lat' dir='ltr'><strong>dica</strong></span> <span class='ocrx_word' id='word_1_418' title='bbox 375 4276 474 4338; x_wconf 82' lang='lat' dir='ltr'><strong>deeaac</strong></span> <span class='ocrx_word' id='word_1_419' title='bbox 494 4299 555 4340; x_wconf 88' lang='lat' dir='ltr'><strong>non</strong></span> <span class='ocrx_word' id='word_1_420' title='bbox 580 4282 678 4360; x_wconf 80' lang='lat' dir='ltr'><strong>potuit</strong></span> <span class='ocrx_word' id='word_1_421' title='bbox 701 4281 775 4362; x_wconf 90' lang='lat' dir='ltr'><strong>quin</strong></span> <span class='ocrx_word' id='word_1_422' title='bbox 792 4280 907 4344; x_wconf 83' lang='lat' dir='ltr'><strong>ambitu</strong></span> <span class='ocrx_word' id='word_1_423' title='bbox 926 4282 1040 4344; x_wconf 78' lang='lat' dir='ltr'><strong>mancia</strong></span> <span class='ocrx_word' id='word_1_424' title='bbox 1066 4277 1200 4352; x_wconf 76' lang='lat' dir='ltr'><strong>Arabici</strong></span> <span class='ocrx_word' id='word_1_425' title='bbox 1214 4290 1315 4352; x_wconf 79' lang='lat' dir='ltr'><strong>lllrul-</strong></span> 
     </span>
    </p>
   </div>
   <div class='ocr_carea' id='block_1_5' title="bbox 0 0 1384 4776">
    <p class='ocr_par' dir='ltr' id='par_1_6' title="bbox 0 0 1384 4776">
     <span class='ocr_line' id='line_1_48' title="bbox 0 0 1384 4776; baseline 0 1"><span class='ocrx_word' id='word_1_426' title='bbox 0 0 1384 4776; x_wconf 95' lang='lat' dir='ltr'><strong> </strong></span> 
     </span>
    </p>
   </div>
  </div>
 </body>
</html>
