3188 4784
439 281 515 356 832
741 281 979 356 onstttvat.
1002 281 1253 360 etenim*

551 447 678 508 stone
696 447 906 530 Bithynorum
924 459 1037 512 ter-rom
1056 451 1124 532 trapi
1142 447 1340 512 bibebam

436 818 529 884 buius
549 833 692 885 eventum
706 823 882 906 prophetiae
895 834 1022 886 conatur
1036 821 1170 884 Zoaimua
1186 823 1338 906 adaptare
1363 821 1459 882 aetati
1477 822 1550 884 Goo-

438 909 564 970 atautini
578 919 610 969 et
623 910 833 971 restaurationi
848 919 937 992 atque
953 909 1178 991 amplificationi
1197 929 1253 990 per
1273 929 1351 969 aum
1371 911 1472 972 factae
1492 909 1549 990 ny-

438 993 540 1058 aantii.
584 1016 672 1074 quam
689 1004 786 1072 recte,
807 995 873 1078 ipae
889 993 1013 1056 viderit:
1035 1003 1096 1056 non
1119 995 1198 1056 enim
1223 995 1297 1055 aatie
1324 1005 1461 1076 apparet
1480 994 1549 1075 quid

435 1081 493 1139 iata
514 1077 633 1139 mentio'
648 1081 793 1160 luporum
812 1081 995 1158 Bithyniam
1016 1081 1226 1140 habitantium
1249 1100 1323 1139 cum
1349 1083 1548 1140 exornatione

435 1165 622 1246 Byzantinaa
641 1165 723 1226 urbia
737 1185 894 1226 commune
905 1162 1023 1228 habeat.
1066 1167 1198 1226 dicamne
1213 1185 1268 1226 noa
1283 1165 1363 1226 licet
1376 1185 1547 1226 accommo-

436 1251 538 1311 datius
560 1249 598 1310 ad
619 1251 746 1332 apeciem
772 1252 858 1332 veri,
886 1273 939 1334 per
961 1251 1102 1334 Sibyllam
1130 1249 1235 1311 divino
1249 1249 1409 1312 ‘afflatam
1433 1251 1546 1332 apirito,

436 1345 523 1396 tanto
545 1345 614 1396 ante
635 1335 682 1396 hia
706 1335 797 1397 fuiaae
821 1339 1061 1420 praenuntiatum
1084 1337 1182 1396 verbio
1199 1345 1345 1396 exortum
1362 1337 1545 1397 Ottomanici

435 1421 555 1504 imperii
575 1443 592 1481 a
618 1421 821 1501 praedonibua
842 1423 938 1482 acidia
961 1433 990 1483 et
1006 1423 1109 1504 lupina
1126 1422 1291 1482 voracitate
1309 1441 1348 1480 ac
1367 1423 1545 1482 crudelitate

435 1507 581 1592 praeditis
603 1507 635 1566 in
655 1505 796 1588 Bithynia
818 1507 954 1580 fundati,
976 1507 1025 1567 cui
1043 1529 1103 1567 non
1117 1505 1212 1568 multo
1226 1514 1300 1588 poet
1318 1515 1467 1589 ternpore
1484 1527 1545 1566 auo-

435 1593 576 1652 cumbere
599 1590 718 1652 deberet
739 1591 923 1694 szantinae
947 1591 1029 1654 urbia
1051 1591 1223 1678 importantia
1239 1591 1382 1672 potentia
1398 1602 1433 1652 et
1449 1594 1544 1676 aplau-

435 1677 507 1751 dor,
529 1675 702 1737 barbaricae
723 1675 865 1758 deincepa
887 1679 1041 1740 eervitntia
1060 1678 1163 1757 iugum
1183 1676 1406 1758 gravinianum
1429 1688 1461 1740 et
1480 1699 1543 1760 pro-

432 1759 639 1824 brosissimum
661 1762 785 1823 laturae.
829 1764 934 1824 Graeci
954 1763 1112 1845 Byzantini
1127 1762 1159 1822 in
1174 1781 1306 1846 poenam
1320 1761 1419 1848 impii
1438 1773 1469 1823 et
1486 1757 1544 1844 per·

432 1846 540 1908 tinacia
564 1847 601 1906 ab
623 1848 746 1908 ecclesia
765 1849 897 1910 Romana
920 1854 1053 1910 omnium
1071 1857 1167 1910 matre
1183 1847 1255 1908 iuda
1274 1867 1379 1928 utque
1406 1869 1425 1908 a
1452 1847 1542 1910 Pbotii

433 1929 621 2014 temporibus
642 1934 810 1994 continuati
827 1933 1013 2010 achiamatia,
1036 1933 1144 1993 duram
1161 1953 1177 1992 a
1196 1932 1312 1992 Latinio
1327 1933 1541 1996 Conatantiuo·

430 2019 526 2102 polim
541 2039 595 2098 per
610 2037 705 2079 annea
718 2029 787 2080 octo
802 2040 893 2102 cupra
910 2018 1124 2102 quinquaginta
1138 2017 1349 2080 obtinentibus
1364 2021 1541 2080 servitutem

429 2104 510 2186 paeri
531 2104 669 2182 suerent3
691 2123 729 2166 ex
751 2127 808 2185 qua
832 2104 993 2188 prolaeiaee
1012 2104 1071 2164 viai
1090 2113 1177 2182 aunt,
1199 2103 1271 2164 dum
1286 2123 1324 2162 ea
1338 2103 1472 2165 liberati
1490 2105 1541 2164 tto.

429 2187 511 2250 anani
531 2210 627 2272 papae
646 2189 812 2274 primatum
835 2199 1029 2269 agnoverunt.
1073 2199 1104 2248 at
1123 2188 1174 2249 ubi
1195 2187 1346 2249 Michable
1361 2189 1459 2252 istiua
1474 2211 1541 2251 con·

429 2275 550 2336 cordiae
569 2285 691 2334 auctore
707 2269 848 2354 mortuo,'
866 2275 950 2356 filiae
963 2275 1027 2336 eiua
1045 2272 1235 2334 Andronicus
1247 2274 1390 2354 peaaimo
1410 2277 1539 2352 coneilio,

428 2380 506 2442 quae
527 2369 612 2438 pater
633 2357 827 2421 aaluberrime
841 2359 1186 2437 statueratreacindena,
1202 2378 1233 2418 ea
1248 2375 1391 2439 auoaque
1408 2361 1541 2422 iteruma

304 2457 305 2460 ’
427 2445 499 2505 aede
523 2443 602 2504 Petri
620 2445 838 2506 contumaciter
860 2447 994 2527 abrupit,
1022 2445 1122 2506 atatim
1143 2443 1190 2504 dei
1212 2443 1325 2504 ultoria
1347 2446 1540 2528 providentia

426 2529 601 2612 praeparari
625 2531 725 2610 coepit
748 2540 777 2590 et
798 2531 907 2592 aenaim
922 2529 1112 2612 inbitbynia
1133 2547 1329 2590 concreacere
1345 2529 1539 2592 Ottomanioa

428 2613 587 2696 tyrannia,
614 2634 631 2676 a
650 2633 709 2695 qua
732 2612 807 2676 ‹liria
826 2615 1016 2678 continenter
1041 2615 1177 2676 cladibua
1201 2613 1348 2693 flagellati
1372 2615 1539 2697 Byzantini,

428 2719 499 2762 cum
516 2698 639 2760 minima
653 2700 864 2782 reeipiacerent
881 2703 934 2764 aed
949 2701 1042 2781 magis
1058 2700 1210 2780 magiaque
1222 2699 1255 2759 in
1267 2695 1395 2761 haeresi
1410 2721 1451 2761 ac
1466 2701 1539 2762 ecbi-

429 2796 524 2847 amate
539 2785 785 2861 affirmarentur,
807 2787 970 2848 vitandam
986 2807 1075 2847 aaeva
1086 2783 1202 2846 aubacti
1213 2783 1248 2843 ab
1263 2803 1330 2844 uno
1347 2805 1393 2845 ex
1409 2787 1538 2848 Atmania

431 2869 653 2934 auoceaaoribua
673 2869 840 2933 Mahomete
854 2873 985 2933 aecunalo
993 2918 1003 2952 ‚
1024 2893 1104 2932 auno
1118 2867 1187 2932 chr.
1201 2868 1305 2948 1453,
1329 2873 1538 2952 captivitatum

429 2955 617 3040 Babylonica
638 2955 816 3018 ludaeorum
842 2977 876 3018 eo
895 2957 1074 3034 triatiorem,
1097 2955 1181 3038 quod
1205 2953 1319 3034 Cyrum
1344 2957 1478 3018 nullum
1495 2957 1538 3038 qui

415 3059 498 3122 eam
518 3043 618 3102 aolvat
640 3051 815 3124 expectant,
837 3043 975 3104 ducentia
990 3041 1048 3104 iam
1064 3049 1093 3103 at
1113 3039 1194 3122 quod
1207 3039 1344 3099 excurrit
1359 3045 1456 3102 annia
1470 3043 1538 3101 inie-

430 3123 566 3185 liciaaimi
586 3125 731 3205 tolerant,
752 3127 840 3188 iidem
862 3127 977 3208 ingenti
1000 3147 1055 3188 auo
1079 3127 1167 3190 luctu
1185 3123 1359 3186 raucientea
1389 3124 1536 3210 Sibyllini,

430 3209 514 3290 quod
529 3212 704 3292 retulimus,
726 3213 850 3274 oraculi.

513 3341 593 3410 VllL
636 3346 777 3421 Aliuicla
791 3345 837 3408 hia
852 3345 993 3408 habemur
1012 3344 1176 3426 auapioioui
1189 3343 1321 3404 fictionia
1335 3345 1473 3410 minima
1483 3343 1538 3406 ob-

428 3429 555 3490 noxium
576 3431 776 3514 vaticinium,
799 3434 909 3514 quippe
923 3431 1004 3514 quod
1019 3431 1051 3491 in
1068 3452 1154 3510 aacro
1171 3439 1201 3490 et
1214 3431 1366 3492 canonico
1382 3433 1468 3494 labro
1481 3431 1538 3491 cla·

426 3513 544 3576 riaaime
561 3516 696 3596 legatur,
718 3517 900 3600 Apocalypsi
923 3521 952 3582 S.
976 3517 1105 3596 loannia.
1147 3515 1178 3575 in
1199 3534 1232 3576 ea
1253 3515 1333 3577 Novi
1349 3515 1537 3578 Teatamenti

426 3597 605 3684 prophetia,
633 3612 736 3676 eventa
755 3603 970 3684 complectente
987 3603 1150 3684 praecipua
1171 3619 1270 3662 rerum
1290 3621 1375 3678 quae
1398 3624 1418 3661 a
1433 3597 1538 3663 Cbriati

412 3684 647 3750 'rerurrectione
668 3699 698 3748 et
716 3690 813 3770 prima
835 3688 1011 3748 fundatione
1034 3688 1177 3749 eccleaiae
1189 3685 1226 3744 ad
1238 3681 1320 3744 hanc
1335 3707 1450 3772 ¹nequa
1465 3688 1536 3750 diam

426 3770 475 3830 dei
494 3791 620 3851 regnum
640 3775 801 3834 attinentea
826 3773 1034 3852 contigerunt,
1057 3781 1214 3854 poatquam
1231 3773 1470 3851 persecutione
1483 3774 1538 3832 im·

320 3859 341 3914 l'
358 3861 410 3920 iot
427 3867 597 3937 pecatorum
619 3857 812 3922 adumbratae
830 3867 902 3918 aunt
922 3880 938 3917 a
959 3877 987 3920 c.
1007 3863 1046 3924 12
1058 3857 1096 3918 ad
1110 3861 1169 3934 20,
1192 3855 1223 3914 in
1237 3851 1378 3917 bociam
1392 3880 1452 3939 per
1463 3879 1538 3940 aym-

424 3940 528 4002 boton
548 3943 728 4022 alligationis
749 3947 874 4016 Satanae
889 3954 1005 4024 tempua
1021 3941 1098 4002 illud
1114 3941 1295 4002 describitur
1311 3963 1377 4022 quo
1393 3946 1539 4006 Cottatao·

424 4027 524 4102 tinua,
545 4029 627 4090 victo
641 4040 671 4090 et
684 4029 783 4090 occiao
800 4029 913 4090 Licinio
927 4027 1048 4109 imperii
1063 4027 1188 4087 liomani
1205 4025 1292 4105 plene
1307 4035 1443 4108 patena,
1465 4029 1538 4089 labe·

422 4111 578 4172 raliaaimia
601 4124 630 4174 et
648 4117 736 4196 quaai
751 4109 985 4200 triumphaliter
1006 4113 1110 4174 edictio
1131 4112 1308 4190 religionem
1332 4113 1538 4176 ebriationem

424 4196 542 4256 nuduli
554 4219 669 4263 ornare.
694 4202 753 4262 iata
770 4203 867 4264 edicta
876 4201 1048 4262 recitantur
1059 4195 1097 4258 ab
1109 4194 1238 4260 tonna
1250 4197 1273 4260 l.
1287 4201 1311 4262 ἲ
1324 4198 1365 4258 de
1381 4204 1450 4262 vita
1465 4202 1539 4260 Coo·

425 4280 566 4354 etantini,
587 4302 605 4342 a
619 4305 645 4347 c.
662 4287 705 4352 26
720 4287 758 4348 ad
772 4292 823 4354 60.
852 4284 1009 4350 iubarum
1020 4305 1080 4350 utto
1099 4282 1179 4363 (trie
1195 4281 1276 4350 ὼ
1289 4282 1414 4370 sone),
1437 4303 1539 4368 nempe

411 4489 563 4651 pq*

378 4643 410 4762 l
