2774 4784
345 303 422 372 affl.
444 301 503 374 ill.
541 301 912 372 cuuouotoutuuS.
1107 297 1181 374 781

78 491 149 535 cum
167 471 316 548 iidimm,
341 470 440 551 liquet
457 469 542 532 istud
557 469 620 532 eius
640 469 766 531 exilium
782 489 883 531 annno
895 465 1068 533 diuturnius
1081 473 1184 554 inisse,

79 558 227 638 siqnidem
245 557 409 638 postillam
424 557 588 617 consecrsti
608 555 695 636 panis
709 557 847 637 compti
862 557 976 638 reperti
989 559 1183 638 mentionem,

77 664 155 724 quae
169 652 238 702 aute
254 644 454 702 narrationem
472 642 673 704 revocationis
685 642 794 716 Vecci,
815 641 970 719 ordinem,
990 653 1026 702 ut
1046 657 1182 726 apparet,

78 737 228 808 gestarum
257 747 358 788 rerum
389 747 529 808 sequens,
558 727 711 788 interserit
736 726 915 801 historicus,
950 729 1066 808 aliquot
1093 731 1183 791 lacile

77 815 223 874 mensium
237 823 356 894 tempos
372 813 573 893 expleverint,
592 833 701 894 nempe
714 811 875 872 debellatio
891 812 1071 892 Scytharum
1087 837 1114 876 c.
1128 821 1180 892 29,

78 910 205 959 conatus
227 899 417 978 imperatorie
440 899 480 959 ed
503 899 646 958 sactiones
667 897 812 958 ecclesiae
831 900 1055 978 componendae
1078 921 1106 961 c.
1127 905 1180 976 80,

77 982 1181 1150 ittittiitis'ttiitiintiliiz‘sititinnit?
1196 989 1218 1046 Ρ
1235 991 1284 1048 ⁵⁶⁵

77 1155 150 1214 tinio
165 1153 354 1215 Antiochiam
368 1153 516 1234 Tripolim
530 1163 560 1213 et
571 1153 785 1214 Ptolemaidem
800 1153 971 1213 tenentibus
985 1154 1074 1234 illoti,
1094 1158 1180 1217 euius

78 1241 176 1299 secuti
194 1238 345 1320 ¹posterius
356 1239 457 1298 ultimi
471 1249 595 1300 eventus
610 1249 744 1299 anostro
760 1257 816 1320 per
829 1240 1053 1321 occupationem
1066 1261 1181 1300 memo·

77 1335 187 1386 rantur
206 1345 231 1387 c.
247 1327 309 1397 32,
329 1323 457 1404 denique
471 1324 635 1385 secundum
651 1325 876 1386 matrimonium
895 1326 1059 1386 Andronici
1079 1329 1180 1407 impe-

78 1410 207 1481 ratoris,
234 1409 272 1470 de
286 1429 347 1488 quo
360 1429 388 1471 c.
402 1415 453 1476 38.
495 1409 544 1470 his
567 1412 686 1471 cunctis
707 1410 950 1490 circumspectio,
971 1410 1054 1470 baud
1067 1419 1180 1472 temere

77 1495 248 1556 videbimur
276 1495 426 1554 affirmare
441 1527 442 1534 ι
455 1497 657 1555 evocationem
679 1496 769 1555 Vecci
789 1496 880 1555 Prusa
900 1495 1079 1576 Byzantium
1099 1501 1179 1557 anno'

78 1579 191 1640 Christi
213 1581 295 1646 1284
316 1579 396 1639 circa
421 1601 552 1640 mensem
572 1581 683 1642 hleium
706 1581 1058 1661 luniomrecontigisse,
1079 1583 1185 1664 ipsum·

77 1685 150 1728 vero
170 1665 286 1744 synodo
306 1673 380 1724 tunc
399 1665 502 1725 habita
525 1666 717 1744 demnatum,
737 1667 774 1725 ab
792 1665 975 1747 imperatore
993 1668 1105 1729 frustra
1124 1669 1179 1728 diu
1289 1729 1291 1732 .

78 1759 187 1810 conato
204 1771 272 1810 eum
291 1750 329 1809 ad
353 1761 454 1832 partes
469 1750 604 1828 trahere,
625 1751 658 1810 in
675 1751 840 1810 custodiam
855 1753 932 1812 arcis
947 1773 963 1811 a
979 1755 1090 1813 Sancto
1105 1755 1179 1814 Gre-

77 1837 162 1914 gorio
188 1835 359 1894 nominatae
382 1835 544 1912 traditum‚
575 1837 658 1916 quod
681 1837 735 1895 soh
761 1836 852 1896 linem
879 1855 906 1896 c.
932 1839 974 1901 86
1005 1838 1092 1898 docet
1118 1839 1178 1900 Pa-

76 1919 243 2000 chymerea.
284 1919 359 1978 haee
377 1920 492 1980 iaciunt
511 1941 550 1981 ne
570 1920 707 1980 assentiri
727 1921 844 2002 possim
859 1920 989 1982 lienrico
1003 1923 1177 2004 Spondeno,

77 2005 150 2066 dum
163 2005 250 2064 Vacci
262 2003 499 2084 damnationem,
520 2007 576 2067 sub
588 2025 678 2087 quam
688 2005 876 2086 mancipatus
886 2013 933 2066 sat
945 2009 1075 2086 carceri,
1097 2025 1177 2068 anno

75 2089 282 2155 curiositate
294 2089 408 2154 tribuit.
664 2101 666 2106 '
926 2133 942 2158 η

161 2175 197 2235 V.
240 2175 377 2236 Perstitit
398 2175 518 2255 quidem
542 2175 659 2236 Vaccus
682 2195 780 2255 usque
801 2174 839 2234 ad
859 2181 986 2234 mortem
1002 2174 1035 2234 in
1050 2195 1084 2234 ea
1103 2175 1180 2236 arcia

75 2260 358 2338 Seu-Gregorianae
377 2262 529 2339 custodia,
552 2263 604 2321 sed
630 2261 804 2321 conditione
830 2279 894 2319 non
921 2279 1040 2340 semper
1056 2259 1179 2321 eedem.

74 2365 146 2406 nam
161 2345 250 2404 initio
268 2345 426 2406 durissime
437 2345 557 2406 habitus
575 2354 621 2407 ast
633 2346 666 2405 in
680 2366 795 2407 mmma
809 2345 930 2426 inopia,
952 2345 1016 2406 sine
1028 2343 1089 2406 ulla
1104 2367 1179 2428 pro-

74 2430 193 2491 visions
218 2431 455 2492 necessariorum
475 2433 514 2491 ad
532 2431 657 2493 victum.
700 2431 764 2492 eiua
776 2431 960 2492 incommodi
973 2432 1178 2492 laxamentum
1228 2445 1230 2448 ’

75 2515 200 2597 aliquod
220 2517 340 2595 quondo
360 2526 392 2577 st
414 2518 567 2598 quomodo
585 2519 751 2598 acceperit,
774 2517 890 2576 indicat
909 2516 1007 2578 obiter
1026 2517 1095 2577 loco
1115 2537 1178 2578 non

75 2621 131 2661 auo
157 2599 372 2678 Pachymeres,
394 2603 432 2661 ad
453 2604 564 2663 calcem
588 2603 679 2663 modo
699 2602 856 2663 memorati
878 2621 904 2660 c.
924 2603 983 2680 8⁵,
1010 2619 1078 2662 eum
1100 2603 1142 2663 ait
1160 2623 1178 2664 a

74 2685 284 2768 proficiscente
307 2687 339 2746 in
364 2687 518 2748 Orientem
546 2688 709 2748 htbanaaio
730 2689 789 2748 iam
811 2697 913 2748 cresto
936 2686 1126 2766 patriercha‚
1149 2697 1180 2748 et

74 2773 187 2832 hetam
211 2769 249 2830 ad
269 2772 479 2853 Helenopolim
495 2773 677 2850 traiiciente,
700 2774 825 2833 missum
847 2793 886 2832 ex
909 2771 1016 2833 itinere
1030 2773 1062 2832 in
1078 2791 1177 2833 arcem

75 2859 104 2920 S.
123 2857 258 2934 Gregorii
276 2879 415 2936 magnum
433 2858 631 2938 logothetam,
653 2859 704 2938 qui
717 2859 814 2918 Vecco
830 2866 951 2918 centum
967 2877 1091 2934 aureos,¹
1112 2857 1188 2918 hle-1

73 2940 227 3001 liteniotae
243 2944 460 3024 quinquaginta
475 2945 648 3014 donaverit,
668 2942 832 3003 Metochita
854 2942 1005 3002 sociorum
1020 2941 1111 3002 Vacci
1125 2943 1177 3002 al-

74 3035 140 3086 tero
158 3027 216 3084 iem
232 3039 318 3088 antea
333 3038 458 3112 propter
471 3031 608 3090 morbum
623 3029 655 3088 in
668 3029 791 3089 domum
806 3027 961 3108 propriam
974 3027 1079 3088 relato.
1121 3029 1177 3088 iu-

73 3111 270 3188 vestigemoa,
294 3113 319 3173 si
334 3134 392 3193 que
407 3122 583 3194 possumus,
606 3114 694 3174 istius
707 3123 806 3192 gestae
819 3114 863 3172 rei
877 3123 1008 3192 tempus.
1050 3133 1176 3176 ancum-

73 3196 115 3258 sit
129 3197 273 3276 Gregorio
286 3199 398 3279 Cyprio
412 3199 445 3258 in
463 3200 794 3280 Constantinopolitano
814 3197 1018 3279 patriarchatu
1034 3198 1175 3260 Athena-

72 3280 153 3355 aioa,
174 3301 229 3340 nec
250 3283 350 3342 atatim
371 3305 405 3343 ac
425 3285 511 3344 nollo
536 3286 707 3363 interregno
733 3283 831 3344 medio
850 3284 1001 3346 successit.
1042 3286 1175 3365 primum

70 3365 167 3444 igitur
184 3365 349 3428 videndum
364 3369 510 3449 quamdiu
522 3371 683 3448 Gregorius
698 3369 814 3429 insede
828 3369 1008 3449 perstiterit,
1032 3377 1096 3429 tom
1113 3389 1174 3448 quo

70 3451 143 3511 inde
156 3451 315 3512 intervallo
332 3455 477 3515 suffectos
495 3456 555 3536 ipsi
575 3456 668 3516 inerit
685 3453 880 3532 Athanasius,
900 3465 1054 3536 postremo
1067 3455 1175 3534 proie-

71 3537 181 3596 ctionis
200 3535 294 3597 huius
310 3540 342 3598 in
358 3541 512 3600 Orientem
526 3550 655 3621 tempus.
696 3540 928 3620 primumquod
950 3537 1075 3615 ettinet,
1096 3539 1175 3599 Gre-

70 3622 174 3702 gorius
201 3622 233 3681 in
262 3623 453 3686 abdicatione
477 3624 582 3686 throni
605 3627 720 3705 scripto
739 3645 899 3706 expressa,
931 3643 1007 3703 quae
1027 3625 1176 3685 recitatur

70 3727 103 3790 p·
122 3712 182 3774 130
196 3727 226 3771 v.
240 3713 298 3785 20,
321 3712 364 3770 ait
385 3731 416 3771 se
436 3731 531 3771 anuos
555 3731 610 3771 aex
629 3720 659 3769 et
681 3712 761 3791 qood
780 3710 917 3774 excurrit
936 3709 969 3768 in
988 3709 1177 3789 possessione

69 3791 294 3874 patriarchatus
308 3796 501 3876 perdurasse.-
536 3797 647 3858 creatio
659 3795 751 3856 huius
764 3805 793 3856 et
807 3793 1008 3872 inauguratio,
1027 3795 1188 3876 capitibus

68 3877 141 3938 libri
160 3877 328 3956 prioria14
346 3888 377 3940 et
391 3883 431 3948 15
448 3889 581 3958 narrata,
605 3883 746 3962 contigit,
767 3889 804 3941 ut
821 3881 886 3940 illio
907 3879 1061 3954 innuitur,
1084 3880 1190 3960 paulo·

68 3971 141 4044 post
155 3963 273 4042 losephi
290 3975 434 4036 mortem,
457 3987 544 4045 qoam
554 3968 702 4048 superiori
715 3967 815 4048 capite
828 3965 1102 4025 demonstravimus
1117 3963 1172 4024 sub
1186 3995 1189 4004 ι

50 4047 191 4108 initium
206 4049 304 4110 idertii
322 4071 401 4111 anno
416 4051 527 4112 Christi
545 4057 628 4120 1283
641 4051 783 4114 evenisse.
826 4049 936 4110 initum
956 4071 1048 4129 porro
1063 4071 1078 4109 a
1094 4049 1174 4110 Gre-

68 4131 154 4210 gorio
169 4133 405 4212 patriarcbatum
419 4147 487 4196 ante
501 4138 634 4198 medium
649 4137 778 4218 Aprilis,
801 4135 884 4214 co'git
904 4135 1070 4214 affirmare,
1091 4135 1173 4215 quod

67 4213 232 4278 historicus
253 4241 282 4300 p.
296 4221 338 4289 48
357 4226 422 4288 md
442 4232 605 4298 memoret,
626 4224 700 4283 ieris
724 4223 784 4281 iaus
805 4231 871 4280 tum
895 4221 1028 4282 secunda
1041 4221 1172 4280 ,maioris

67 4297 276 4367 hebdomadae
304 4307 397 4370 tuisse
420 4309 564 4392 Gypriom
582 4309 616 4370 in
637 4309 729 4392 plena
747 4305 936 4390 possessione
958 4305 1172 4391 patriarchalia
