3188 4784
482 263 558 336 866
714 301 721 312 ·
782 265 1018 337 OBSERVAT.
1042 265 1285 346 PACHYMER.

494 425 553 520 332¹
583 423 709 518 22¹²}ng
725 421 860 536 ῙἚΗ
883 432 987 502 missos
1018 431 1204 492 aGslatinis
1233 427 1462 490 Genuensibus

600 524 696 568 sineno.
885 518 1072 578 vulneratur.
1114 537 1178 578 earn
1192 516 1231 576 ob
1244 537 1313 576 rem
1323 514 1530 574 Andronicus
1543 516 1581 572 Ga

583 575 708 671 emim
727 577 849 624 andronici
883 605 1010 664 latenses
1025 604 1107 664 urbis
1120 604 1253 682 ingressu
1271 609 1370 665 arcet.
1419 601 1441 659 l.
1456 603 1477 664 6
1492 620 1518 664 c.
1531 604 1577 665 28.

483 689 565 752 1307
645 688 667 752 3
768 685 809 753 ²5
926 704 1114 764 Andronicus
1136 704 1357 764 reconciliatur
1383 700 1593 776 Genuensibns,

730 764 841 888 fflffiffl‘
885 798 915 850 et
928 789 1107 871 appellentes
1127 789 1159 847 in
1171 789 1276 848 urbem
1292 790 1408 868 longas
1422 806 1530 845 eorum
1546 805 1593 844 na-

885 896 936 936 ves
961 873 1090 934 ‘sedecim
1126 883 1231 933 contra
1266 875 1401 932 classem
1430 871 1593 931 Catelanau

766 993 768 1002 =
884 961 960 1022 duee
978 959 1157 1040 Mpyrigerio
1182 959 1251 1020 urbi
1272 960 1452 1018 minantem
1474 977 1592 1037 pugnare

882 1046 1048 1127 persuadet.
1092 1063 1212 1118 omnes,
1232 1055 1362 1124 praeter
1377 1064 1494 1116 unam,
1515 1045 1590 1102 Cate·

882 1134 1021 1191 lanarum
1035 1149 1125 1189 naves
1143 1130 1174 1190 in
1191 1131 1405 1190 Genuensium
1420 1139 1591 1208 potestatem

881 1218 1018 1278 veniunt.
1069 1215 1134 1276 dux
1157 1215 1218 1296 ipse
1241 1215 1457 1296 blpyrigerius
1478 1215 1590 1295 capitur.

881 1303 903 1362 l.
923 1306 985 1366 60.
1003 1303 1052 1366 29.

925 1387 991 1445 Duo
1004 1383 1132 1443 Romani
1147 1382 1253 1458 duces,
1277 1403 1294 1442 a
1313 1383 1476 1443 Michaele
1488 1384 1589 1443 iuniore

883 1477 1016 1551 Augusto
1030 1489 1098 1530 cum
1114 1479 1200 1550 parte
1214 1471 1373 1529 exercitus
1388 1480 1505 1530 contra
1517 1471 1589 1528 Cato·

882 1557 966 1615 lanes
977 1556 1067 1630 missi,
1079 1555 1115 1612 ab
1129 1555 1165 1613 iia
1179 1555 1211 1612 in
1221 1554 1351 1614 insidias
1364 1556 1523 1634 pertracti
1534 1555 1588 1614 riu·

883 1651 1004 1702 cuntur.
1047 1640 1066 1700 l.
1080 1643 1099 1704 6
1114 1659 1139 1702 c.
1155 1643 1208 1704 80.

925 1727 1043 1786 Plebem
1058 1725 1090 1784 in
1109 1725 1184 1784 urbs
1203 1723 1456 1784 tumultuantem
1473 1725 1586 1804 impera-

884 1821 934 1872 tor
955 1811 1143 1871 Andronicus
1165 1809 1309 1870 concione
1333 1808 1449 1870 habita
1469 1812 1586 1871 minisst

884 1897 1004 1958 monitis
1019 1902 1144 1956 coercet.
1189 1895 1208 1956 l.
1222 1898 1241 1958 6
1254 1913 1279 1952 c.
1297 1898 1355 1959 31.

929 1983 1030 2042 lunior
1056 1982 1222 2059 imperator
1251 1977 1387 2038 Micba‘sil
1428 1981 1585 2042 universam

887 2069 1052 2128 exercitum
1078 2074 1184 2125 contra
1203 2065 1364 2124 Catelanos
1392 2067 1463 2126 acie
1493 2069 1585 2126 instre-

887 2164 968 2214 etum
991 2154 1053 2232 ipse
1076 2151 1203 2210 ductans
1223 2151 1380 2225 vincitur,
1423 2161 1458 2210 et
1486 2151 1522 2210 de
1540 2152 1585 2210 rita

886 2239 1070 2320 periclitatus
1087 2254 1171 2315 aegre
1184 2234 1268 2312 fugit.
1312 2235 1335 2296 l.
1353 2241 1373 2300 6
1392 2255 1423 2296 c.
1440 2243 1494 2303 82.

929 2339 1063 2399 lllatmae
1093 2347 1202 2418 segetes
1228 2338 1260 2396 in
1290 2338 1436 2416 campis,
1468 2339 1584 2398 collectas

888 2427 985 2506 fruges
997 2427 1029 2484 in
1043 2425 1117 2484 areis
1133 2433 1164 2482 et
1188 2422 1265 2481 villis
1280 2442 1297 2479 a
1322 2425 1457 2483 rusticis
1476 2425 1584 2499 undique

888 2513 920 2570 in
936 2511 1041 2570 urbem
1059 2508 1240 2588 fugientibus
1257 2507 1400 2586 relictae,
1415 2511 1452 2569 in
1467 2509 1584 2590 praedm

888 2596 1096 2655 Catelanorum
1111 2593 1230 2652 cedunt.
1272 2591 1352 2652 ibid.

932 2697 1012 2757 Duae
1027 2716 1117 2757 nnves
1131 2696 1254 2754 bellicae
1269 2695 1492 2757 Genuensium
1505 2713 1583 2774 magri

889 2783 1025 2842 mercede
1041 2786 1070 2842 in
1085 2783 1253 2840 bimestrem
1270 2781 1420 2841 militiam
1436 2785 1478 2842 ab
1489 2783 1584 2843 Andre·

890 2870 958 2929 nice
975 2869 1154 2946 imperatore
1170 2865 1402 2929 conducuntur.
1451 2871 1525 2934 ibid.

931 2953 1065 3013 Andreas
1087 2951 1233 3012 Muriscus
1258 2970 1315 3030 pro
1338 2953 1532 3032 imperatore
1545 2953 1585 3012 Ts-

890 3039 1000 3098 nedum
1014 3038 1161 3111 obsidens,
1177 3045 1343 3114 procurata
1361 3058 1425 3117 per
1440 3043 1584 3100 cennens

832 3141 833 3144 ’
892 3125 1051 3199 deditione,
1073 3122 1204 3182 arceilla
1219 3121 1350 3201 potitur.
1398 3123 1422 3184 l.
1441 3131 1462 3191 6
1478 3147 1504 3186 c.
1519 3127 1559 3190 34.

933 3210 1051 3290 Manna!
1067 3205 1224 3268 Zacharias
1249 3204 1414 3268 Phocaeae
1440 3212 1586 3292 imperitias

890 3295 1001 3356 insulas
1019 3295 1063 3354 illi
1086 3293 1253 3353 obiacentes
1269 3293 1441 3354 custodias
1465 3317 1535 3356 suas
1549 3295 1588 3354 iu·

891 3400 994 3440 munes
1019 3379 1154 3462 permitti
1181 3378 1219 3437 ab
1239 3375 1433 3442 Andronico
1464 3385 1590 3465 impetrat

890 3466 964 3528 ibid.

933 3545 1130 3628 Mpyrigerius
1152 3547 1405 3611 aGennensibus
1431 3549 1592 3635 captivusia

891 3633 1187 3696 ltaliamabducitur.
1230 3634 1283 3699 1.7
1305 3655 1334 3699 c.
1353 3639 1388 3700 7.

882 3765 953 3780 -h-
1007 3759 1013 3778 p
1044 3761 1046 3766 ι
1073 3761 1078 3770 ι

935 3837 1053 3897 lncluso
1075 3834 1276 3918 llidynmtichi
1299 3835 1463 3900 Michaelis
1485 3841 1523 3902 A·
1534 3868 1555 3909 ;·
1571 3866 1589 3877 ⁴>

892 3921 1009 3982 iuniore
1030 3932 1099 4003 post
1118 3941 1247 4002 pugnam
1273 3921 1468 4003 adversam,
1491 3935 1520 3985 et

893 4007 1159 4088 Orpbentisthlsbo
1178 4006 1307 4084 Belgaro
1333 4009 1517 4071 Romanum
1559 4044 1569 4055 ‚.

894 4103 955 4154 tem
971 4103 1116 4169 vexante,
1138 4091 1207 4152 inde
1223 4091 1378 4152 Catelnnis
1407 4108 1522 4157 cuncta
1535 4093 1582 4153 ual-

893 4173 1059 4255 stantibus,
1083 4177 1271 4238 Andronicus
1286 4176 1473 4258 imperator
1490 4183 1525 4242 de
1541 4197 1594 4258 ’μ

893 4284 962 4324 cnm
976 4263 1123 4326 Catelanis
1136 4283 1190 4346 per
1203 4263 1317 4341 legatos
1335 4266 1483 4350 Callipoli
1495 4273 1579 4329 tracte
