2774 4784
100 239 101 250 Ν
195 285 274 360 rer
497 283 737 356 oesmvsr.
761 281 1033 354 mmmm

195 450 369 536 potestatis}
405 449 467 512 suit
484 451 566 512 euim
579 451 636 512 illo
650 469 746 528 anno,
767 458 805 512 ut
824 450 926 532 cspitt
942 449 1093 532 superiori
1105 447 1308 526 metimus,

196 537 311 608 Pascha
329 535 380 596 dis
402 536 517 617 Aprilis
536 541 595 612 185
613 538 696 598 unde
707 535 835 598 'maioris
854 537 1058 598 hebdomadae
1075 536 1153 598 ieris
1174 537 1306 597 secunda

198 625 276 688 diem
292 622 407 703 Aprilis
415 627 464 688 ‚ta
476 621 631 686 insederit.
674 642 735 704 quo
750 623 930 684 anteriorem
942 621 1218 702 inaugurationem·
1228 622 1305 682 Gre-

196 709 274 788 gorii
286 708 374 769 leteri
386 727 507 770 necesse
521 707 575 768 site
596 727 636 769 ex
650 729 710 789 qua
727 708 755 768 si
774 727 829 768 sex
845 711 916 770 suni
930 709 1013 788 pleni
1029 717 1063 768 et
1074 707 1192 790 aliquid
1213 725 1307 786 prac-

195 805 278 860 terea
299 795 487 856 excurrentis
505 793 651 873 temporis
670 803 881 870 numerentur,
902 794 1086 874 reperiemus
1102 794 1168 854 eius
1183 791 1319 864 abdica·¹

196 881 309 942 tionem
335 881 369 940 in
391 895 505 940 annum
529 878 642 940 Christi
666 883 747 946 1289
770 889 841 960 post
861 881 994 940 medium
1015 880 1151 960 Aprilem
1169 877 1305 940 mutent

197 975 350 1048 oportere.
392 975 542 1045 ponamus
565 983 636 1042 ergo
657 964 729 1024 licet
750 965 970 1026 abdicationem
987 965 1091 1045 Cyprii
1109 972 1141 1024 et
1155 983 1305 1024 secessum

196 1053 261 1114 eius
283 1050 316 1110 iu
338 1050 553 1111 monesterium
573 1049 893 1116 Aristiuaeo.101r2
911 1060 1081 1124 ramatum,
1102 1067 1210 1110 meuse
1226 1049 1304 1108 ldsio

198 1147 250 1198 aut
273 1136 361 1196 lunio
385 1135 457 1195 anni
483 1132 571 1196 modo
593 1137 748 1196 memorati
770 1157 788 1194 a
807 1135 927 1196 Christo
948 1143 1020 1194 nato
1042 1139 1126 1202 1289
1146 1134 1304 1196 aonidum

196 1223 272 1282 hinc
286 1222 347 1282 duo
357 1229 460 1282 tresve
473 1239 587 1282 meuses
604 1220 750 1282 duxerint
765 1222 799 1280 in
815 1219 1057 1282 alterationibus
1071 1229 1100 1282 st
1115 1219 1305 1299 disquisitio·

197 1308 314 1368 nibusa
328 1317 433 1368 nostro
447 1303 594 1366 historico
606 1307 737 1366 relatiss
750 1307 849 1386 capite
864 1313 902 1371 11
917 1306 987 1366 libri
1000 1312 1022 1371 ἱ
1034 1306 1072 1364 ad
1087 1307 1139 1381 15,
1160 1325 1225 1384 quo
1239 1315 1304 1364 um

198 1393 268 1454 dem
292 1391 436 1454 scribitur
456 1390 654 1454 Athanssium
679 1393 739 1452 iam
757 1397 843 1460 autea
867 1392 994 1452 electum
1009 1389 1233 1471 patriercham,
1257 1391 1306 1450 die

199 1477 241 1544 14
260 1477 368 1538 mensis
388 1476 530 1538 Octobris
549 1477 582 1535 in
602 1479 717 1554 templo
747 1479 805 1537 rite
826 1477 919 1538 luisse
941 1477 1121 1539 ordinatum.
1165 1475 1306 1554 procedit

198 1581 269 1639 crgo
286 1563 373 1643 prius·
391 1561 613 1642 patriarchatus
627 1561 782 1622 Athanasii
795 1583 813 1622 a
825 1562 926 1643 pridie
939 1562 1047 1622 lduuur
1065 1559 1214 1621 Octobris
1232 1561 1307 1620 anui

198 1666 285 1708 aerae
300 1645 561 1728 Christivulgsris
573 1649 667 1712 1289.

283 1731 335 1792 Vl.
377 1731 473 1794 Paulo
483 1740 554 1792 suta
568 1740 761 1792 memorstam
773 1730 926 1792 Athanasii
941 1729 1130 1812 pstsiarchae
1140 1731 1306 1792 mammia-

197 1816 314 1876 sionem
335 1817 406 1880 troii
425 1817 464 1880 ad
480 1817 694 1899 Helenopolim
710 1826 741 1877 et
754 1818 971 1899 prosectionem
992 1818 1027 1876 in
1041 1815 1202 1878 Orientem
1221 1836 1305 1876 com·

196 1921 321 1964 munem
337 1903 385 1964 illi
406 1904 498 1964 luisse
518 1921 588 1964 cum
611 1903 784 1964 Andronico
810 1904 993 1984 imperatore
1012 1903 1102 1963 docet
1118 1911 1229 1964 noster
1247 1901 1304 1962 hou

195 1987 423 2064 littoreis,
445 1988 519 2049 dum
540 1989 753 2070 imperatorem
769 2009 802 2050 se
818 1989 983 2050 contulisse
998 1985 1222 2068 Nymphaeum
1232 2007 1304 2048 usr-

197 2083 262 2150 rst‚
284 2082 316 2135 et
339 2093 374 2134 eo
393 2075 504 2135 itinere
524 2086 624 2156 partes
637 2074 795 2155 Bithyniae
809 2084 1027 2154 transgressum
1039 2073 1083 2132 ibi
1097 2073 1201 2134 obiter
1214 2073 1306 2152 egisse

197 2161 280 2220 circa
297 2159 432 2220 Veoeum
453 2161 564 2220 eteius
587 2161 701 2237 socios,
731 2179 807 2239 qnae
824 2160 915 2239 peulo
934 2167 1004 2219 ante
1027 2157 1197 2235 (simitum
1217 2177 1245 2219 c.
1264 2159 1304 2223 85

195 2244 219 2306 l.
238 2250 278 2318 1)
301 2265 333 2304 se
355 2265 534 2306 memorasse
550 2245 604 2306 sit.
647 2246 756 2326 quibus
778 2244 879 2306 ssrbis
896 2244 998 2306 iunuit
1008 2244 1166 2304 Athanasii
1180 2245 1309 2323 quidem*

154 2363 157 2368 ·
193 2327 383 2411 patriarchae
406 2331 542 2404 nominc,
566 2331 778 2411 imperatorem
796 2331 1001 2392 Andronicum
1015 2329 1210 2405 comitantis,
1231 2330 1303 2390 mis·

86 2423 108 2477 P
126 2423 177 2478 566
194 2435 262 2475 snm
280 2433 423 2492 magnum
447 2415 631 2494 logothetam
652 2417 691 2476 ed
712 2417 860 2478 Vsccum:
890 2426 1040 2478 caeterum
1058 2415 1091 2476 id
1116 2425 1222 2476 totum
1242 2431 1304 2475 esse

192 2509 295 2560 actum
311 2500 458 2560 instinctu
477 2511 509 2560 ct
529 2501 612 2560 iussu
634 2501 835 2582 imperatoris.
855 2539 858 2544 ·
875 2523 932 2562 nec
952 2503 1032 2562 enim
1054 2509 1120 2561 erat
1139 2500 1305 2562 verisimile

192 2583 413 2666 patriarcham,
435 2595 588 2646 austerum
606 2585 758 2648 hominem
778 2609 814 2648 sc
830 2589 941 2665 lerum,
962 2594 1071 2670 sponte
1082 2586 1235 2648 luiturum
1248 2605 1302 2645 co·

192 2670 369 2750 gitutiousm
390 2671 483 2732 Vacci
502 2679 533 2730 et
549 2672 704 2732 sociorum
729 2674 807 2744 eius,
834 2694 912 2754 quos
932 2671 1060 2755 pessime
1080 2671 1190 2733 oderat
1211 2672 1299 2732 homo

192 2755 347 2817 schismati
375 2755 611 2834 addictissimus,
640 2758 906 2820 sublevandomm.
947 2777 1043 2818 uuum
1067 2757 1120 2818 hic
1147 2758 1301 2838 quendam

190 2842 270 2902 male
283 2841 470 2902 cohaerentis
484 2851 514 2902 st
526 2861 625 2904 secum
642 2844 708 2925 ipss
723 2845 846 2906 collisus
857 2843 1039 2906 narrationis
1055 2843 1189 2924 speciem
1201 2843 1299 2916 habet,

193 2927 342 3006 siquidem
356 2928 412 2988 illo
425 2927 522 3009 priori
536 2929 605 2988 loco
620 2951 648 3010 p.
662 2935 724 2996 108
738 2939 769 2991 rr.
786 2935 824 2997 11
839 2930 969 2990 affirmet
981 2928 1147 2990 historicus
1159 2947 1300 3009 megnum
1384 2993 1385 3018 ἢ

193 3011 404 3091 logothetsms
416 3014 468 3093 qui
492 3014 533 3074 sd
554 3015 685 3076 Veccum
708 3015 746 3074 ab
764 3014 927 3076 Athanasio
947 3015 1053 3075 missus
1072 3024 1139 3090 cst,
1159 3015 1300 3074 noudum

193 3097 287 3158 fuisse
301 3099 572 3178 protovestibrium‚
587 3123 618 3182 p.
631 3111 730 3161 autem
747 3104 807 3168 163
821 3121 852 3162 v.
868 3107 888 3168 6
902 3101 1010 3162 diserte
1024 3099 1129 3161 scribit
1142 3098 1300 3162 tudrom-

196 3201 267 3241 cum
288 3183 528 3262 imper-sturm,-
542 3185 580 3244 iis
601 3187 699 3248 obiter
717 3207 786 3247 cum
808 3187 907 3248 Vacuo
930 3184 1089 3246 mansuetis
1110 3205 1189 3266 quae
1208 3185 1298 3267 paulo

195 3277 265 3328 autc
287 3269 432 3346 diximus,
455 3268 664 3350 Nymphaeum
681 3273 854 3354 pervenisse
874 3272 987 3334 comite
1003 3291 1104 3331 secum
1117 3271 1214 3332 ducto
1232 3270 1299 3334 ttu-

193 3355 315 3430 zaloue,
337 3373 429 3434 super
446 3356 602 3434 antiquum
624 3358 769 3419 honorem
789 3359 890 3436 magni
911 3355 1082 3437 logothetae
1097 3376 1177 3417 nova
1193 3365 1298 3437 proto·

83 3499 85 3522 s
193 3441 327 3500 vestiarii
342 3440 487 3519 dignitate
500 3441 651 3503 decorato.
694 3445 747 3504 sed
759 3443 834 3503 hsec
846 3443 963 3504 facilem
981 3441 1225 3505 conciliationem
1240 3440 1298 3500 hs-

192 3523 283 3597 bens,
302 3526 327 3584 si
349 3525 470 3586 dicatur
487 3528 605 3604 stetim,
628 3539 786 3609 postquam
802 3551 819 3588 s
833 3529 1017 3610 praescripts
1037 3527 1093 3588 sibi
1109 3527 1309 3608 profectioum

189 3610 231 3669 ad
252 3610 396 3672 Veccum·
411 3612 529 3672 bluaelo
552 3615 671 3673 rediens
691 3615 886 3694 imperatorio
902 3613 1057 3676 comitatui
1069 3632 1100 3672 se
1114 3613 1230 3674 iterum
1243 3612 1309 3673 sd·

189 3695 306 3772 iunxit,
327 3697 364 3755 ab
379 3697 514 3778 Augusto
528 3699 560 3758 iu
575 3699 642 3780 ipso
655 3700 778 3777 itinere,
800 3701 885 3780 prius
897 3719 987 3779 quam
998 3697 1210 3778 Nymphaeum
1221 3719 1307 3779 pec-v

188 3782 325 3858 veniret,
353 3782 447 3844 luisse
472 3785 739 3864 protovestiarium
761 3785 941 3848 declaratus.
984 3783 1063 3845 nibil
1089 3799 1159 3862 ergo
1190 3799 1298 3844 causae

189 3874 236 3925 est
252 3886 306 3930 cur
318 3867 403 3928 istud
413 3869 618 3929 laxamentum
640 3889 852 3932 aerumnarum
869 3871 960 3931 Veoci
976 3889 1037 3930 non
1052 3869 1090 3930 ad
1103 3869 1186 3930 illud
1200 3869 1298 3950 peru-

186 3969 262 4012 nere
289 3951 471 4014 affirmemus
494 3964 614 4036 tempus
640 3977 702 4037 quo
727 3955 916 4017 Andronicus
936 3975 975 4016 ex
997 3955 1073 4016 urbe
1098 3955 1180 4034 regia
1202 3953 1299 4033 Nym-

185 4033 318 4115 pbaeum
335 4057 367 4098 as
381 4040 527 4117 contulit,
549 4051 640 4121 prout
663 4043 684 4102 l.
697 4046 719 4107 2
733 4061 760 4107 c.
776 4045 816 4108 18
837 4051 1030 4104 memoratur.
1075 4039 1297 4122 explorandum

188 4138 258 4198 ergo
281 4121 367 4184 nobis
391 4134 437 4185 sst
458 4127 579 4205 qusndo
609 4129 768 4206 contigerit
789 4132 846 4188 ista
866 4128 1026 4210 profectio.
1069 4135 1175 4186 narret
1198 4126 1298 4205 capite

186 4207 335 4284 superiori
356 4218 460 4271 noster
481 4209 645 4273 historicus
661 4223 787 4274 mortem
802 4211 1030 4295 expatriarchae
1046 4213 1150 4293 Cyprii
1167 4221 1201 4270 et
1215 4212 1298 4271 circs

187 4288 254 4350 eius
267 4293 442 4376 sepulturse
453 4297 583 4360 formam
598 4299 855 4382 praescriptiones
868 4301 905 4360 ab
919 4301 989 4382 ipso
1001 4299 1138 4379 Augusto
1152 4296 1194 4360 ad
1207 4297 1299 4362 lune

265 4749 271 4775 ,1
287 4633 410 4775 Ὗ..
