<?xml version="1.0" encoding="UTF-8"?>
<!DOCTYPE html PUBLIC "-//W3C//DTD XHTML 1.0 Transitional//EN"
    "http://www.w3.org/TR/xhtml1/DTD/xhtml1-transitional.dtd">
<html xmlns="http://www.w3.org/1999/xhtml" xml:lang="en" lang="en">
 <head>
  <title>
</title>
<meta http-equiv="Content-Type" content="text/html;charset=utf-8" />
  <meta name='ocr-system' content='tesseract 3.04.00' />
  <meta name='ocr-capabilities' content='ocr_page ocr_carea ocr_par ocr_line ocrx_word'/>
</head>
<body>
  <div class='ocr_page' id='page_1' title='image "./georgiipachymer00pousgoog_0690.png"; bbox 0 0 2782 4792; ppageno 0'>
   <div class='ocr_carea' id='block_1_1' title="bbox 403 301 1191 378">
    <p class='ocr_par' dir='ltr' id='par_1_1' title="bbox 403 301 1191 378">
     <span class='ocr_line' id='line_1_1' title="bbox 403 301 1191 378; baseline 0.005 -4"><span class='ocrx_word' id='word_1_1' title='bbox 403 303 483 375; x_wconf 81' lang='lat' dir='ltr'><strong>Llll.</strong></span> <span class='ocrx_word' id='word_1_2' title='bbox 508 301 534 374; x_wconf 85' lang='lat' dir='ltr'><strong>l.</strong></span> <span class='ocrx_word' id='word_1_3' title='bbox 582 301 864 374; x_wconf 72' lang='lat' dir='ltr'><strong>moestarum.</strong></span> <span class='ocrx_word' id='word_1_4' title='bbox 1117 303 1191 378; x_wconf 79' lang='lat'><strong>675</strong></span> 
     </span>
    </p>
   </div>
   <div class='ocr_carea' id='block_1_2' title="bbox 77 479 1336 4414">
    <p class='ocr_par' dir='ltr' id='par_1_2' title="bbox 77 479 1336 4414">
     <span class='ocr_line' id='line_1_2' title="bbox 77 479 1192 568; baseline -0.001 -17"><span class='ocrx_word' id='word_1_5' title='bbox 77 487 131 552; x_wconf 82' lang='lat' dir='ltr'><strong>aul</strong></span> <span class='ocrx_word' id='word_1_6' title='bbox 146 486 188 564; x_wconf 67' lang='grc' dir='ltr'><strong>ὃς</strong></span> <span class='ocrx_word' id='word_1_7' title='bbox 203 484 306 568; x_wconf 73' lang='lat' dir='ltr'><strong>lsazsa</strong></span> <span class='ocrx_word' id='word_1_8' title='bbox 320 479 528 552; x_wconf 62' lang='lat' dir='ltr'><strong>deotmarus»</strong></span> <span class='ocrx_word' id='word_1_9' title='bbox 544 485 596 548; x_wconf 84' lang='lat' dir='ltr'><strong>aul</strong></span> <span class='ocrx_word' id='word_1_10' title='bbox 609 486 784 567; x_wconf 69' lang='grc' dir='ltr'><strong><em>ῥιπτεῖσθαι</em></strong></span> <span class='ocrx_word' id='word_1_11' title='bbox 796 483 967 568; x_wconf 69' lang='grc' dir='ltr'><strong><em>προοίμιον,</em></strong></span> <span class='ocrx_word' id='word_1_12' title='bbox 989 480 1073 551; x_wconf 77' lang='grc' dir='ltr'><strong><em>εἶπεν</em></strong></span> <span class='ocrx_word' id='word_1_13' title='bbox 1092 483 1132 550; x_wconf 74' lang='grc' dir='ltr'><strong>ἄν</strong></span> <span class='ocrx_word' id='word_1_14' title='bbox 1147 511 1192 563; x_wconf 81' lang='grc' dir='ltr'><strong>τις</strong></span> 
     </span>
     <span class='ocr_line' id='line_1_3' title="bbox 77 568 1193 655; baseline 0 -19"><span class='ocrx_word' id='word_1_15' title='bbox 77 577 169 638; x_wconf 76' lang='grc' dir='ltr'><strong><em>τοῦτο</em></strong></span> <span class='ocrx_word' id='word_1_16' title='bbox 198 577 255 651; x_wconf 79' lang='grc' dir='ltr'><strong>τῆς</strong></span> <span class='ocrx_word' id='word_1_17' title='bbox 282 568 356 636; x_wconf 77' lang='grc' dir='ltr'><strong><em>ὅσον</em></strong></span> <span class='ocrx_word' id='word_1_18' title='bbox 390 569 477 636; x_wconf 77' lang='grc' dir='ltr'><strong><em>οὔπα</em></strong></span> <span class='ocrx_word' id='word_1_19' title='bbox 505 571 709 654; x_wconf 66' lang='grc' dir='ltr'><strong><em>γενησομένης</em></strong></span> <span class='ocrx_word' id='word_1_20' title='bbox 741 578 940 655; x_wconf 75' lang='grc' dir='ltr'><strong><em>παρατροπῆς</em></strong></span> <span class='ocrx_word' id='word_1_21' title='bbox 963 577 1020 636; x_wconf 79' lang='grc' dir='ltr'><strong>τοῦ</strong></span> <span class='ocrx_word' id='word_1_22' title='bbox 1048 579 1193 654; x_wconf 74' lang='grc' dir='ltr'><strong><em>καθαροῦ</em></strong></span> 
     </span>
     <span class='ocr_line' id='line_1_4' title="bbox 77 652 1191 740; baseline -0.004 -17"><span class='ocrx_word' id='word_1_23' title='bbox 77 659 131 722; x_wconf 73' lang='grc' dir='ltr'><strong>παὶ</strong></span> <span class='ocrx_word' id='word_1_24' title='bbox 146 653 314 740; x_wconf 77' lang='grc' dir='ltr'><strong><em>αἰιιβᾶήλον</em></strong></span> <span class='ocrx_word' id='word_1_25' title='bbox 327 663 383 737; x_wconf 79' lang='grc' dir='ltr'><strong>τῆς</strong></span> <span class='ocrx_word' id='word_1_26' title='bbox 395 658 553 737; x_wconf 73' lang='grc' dir='ltr'><strong><em>ἐκκλησίας</em></strong></span> <span class='ocrx_word' id='word_1_27' title='bbox 568 652 726 737; x_wconf 71' lang='grc' dir='ltr'><strong><em>δόγματος.</em></strong></span> <span class='ocrx_word' id='word_1_28' title='bbox 754 656 829 717; x_wconf 82' lang='lat' dir='ltr'><strong>haec</strong></span> <span class='ocrx_word' id='word_1_29' title='bbox 842 667 959 721; x_wconf 86' lang='lat' dir='ltr'><strong>sonunt.</strong></span> <span class='ocrx_word' id='word_1_30' title='bbox 989 677 1028 718; x_wconf 83' lang='lat' dir='ltr'><strong>cx</strong></span> <span class='ocrx_word' id='word_1_31' title='bbox 1042 658 1100 718; x_wconf 90' lang='lat' dir='ltr'><strong>ista</strong></span> <span class='ocrx_word' id='word_1_32' title='bbox 1116 679 1191 718; x_wconf 89' lang='lat' dir='ltr'><strong>cou-</strong></span> 
     </span>
     <span class='ocr_line' id='line_1_5' title="bbox 77 741 1191 822; baseline 0 -17"><span class='ocrx_word' id='word_1_33' title='bbox 77 743 202 805; x_wconf 86' lang='lat' dir='ltr'><strong>llatione</strong></span> <span class='ocrx_word' id='word_1_34' title='bbox 215 744 307 804; x_wconf 83' lang='lat' dir='ltr'><strong>trium</strong></span> <span class='ocrx_word' id='word_1_35' title='bbox 323 743 563 802; x_wconf 82' lang='lat' dir='ltr'><strong>ventilabrorum</strong></span> <span class='ocrx_word' id='word_1_36' title='bbox 578 763 615 802; x_wconf 83' lang='lat' dir='ltr'><strong>ex</strong></span> <span class='ocrx_word' id='word_1_37' title='bbox 630 752 753 822; x_wconf 78' lang='lat' dir='ltr'><strong>argento</strong></span> <span class='ocrx_word' id='word_1_38' title='bbox 765 743 870 802; x_wconf 85' lang='lat' dir='ltr'><strong>formis</strong></span> <span class='ocrx_word' id='word_1_39' title='bbox 887 741 1125 804; x_wconf 82' lang='lat' dir='ltr'><strong>Cherubinurum</strong></span> <span class='ocrx_word' id='word_1_40' title='bbox 1138 765 1191 804; x_wconf 81' lang='lat' dir='ltr'><strong>ce·</strong></span> 
     </span>
     <span class='ocr_line' id='line_1_6' title="bbox 77 828 1192 905; baseline 0.003 -17"><span class='ocrx_word' id='word_1_41' title='bbox 77 830 228 904; x_wconf 85' lang='lat' dir='ltr'><strong>latorum,</strong></span> <span class='ocrx_word' id='word_1_42' title='bbox 239 863 240 866; x_wconf 61' lang='lat'><em>=</em></span> <span class='ocrx_word' id='word_1_43' title='bbox 251 830 284 887; x_wconf 92' lang='lat' dir='ltr'><strong>in</strong></span> <span class='ocrx_word' id='word_1_44' title='bbox 301 849 397 888; x_wconf 89' lang='lat' dir='ltr'><strong>uuum</strong></span> <span class='ocrx_word' id='word_1_45' title='bbox 412 828 637 905; x_wconf 84' lang='lat' dir='ltr'><strong>dibambulum,</strong></span> <span class='ocrx_word' id='word_1_46' title='bbox 660 837 855 890; x_wconf 85' lang='lat' dir='ltr'><strong>consecutum</strong></span> <span class='ocrx_word' id='word_1_47' title='bbox 870 838 982 888; x_wconf 87' lang='lat' dir='ltr'><strong>esseut</strong></span> <span class='ocrx_word' id='word_1_48' title='bbox 996 829 1049 887; x_wconf 88' lang='lat' dir='ltr'><strong>illa</strong></span> <span class='ocrx_word' id='word_1_49' title='bbox 1069 830 1192 891; x_wconf 85' lang='lat' dir='ltr'><strong>matario</strong></span> 
     </span>
     <span class='ocr_line' id='line_1_7' title="bbox 79 911 1191 996; baseline -0.001 -20"><span class='ocrx_word' id='word_1_50' title='bbox 79 913 227 976; x_wconf 83' lang='lat' dir='ltr'><strong>exciderit</strong></span> <span class='ocrx_word' id='word_1_51' title='bbox 239 913 355 974; x_wconf 88' lang='lat' dir='ltr'><strong>honore</strong></span> <span class='ocrx_word' id='word_1_52' title='bbox 368 935 430 993; x_wconf 86' lang='lat' dir='ltr'><strong>quo</strong></span> <span class='ocrx_word' id='word_1_53' title='bbox 444 914 566 994; x_wconf 80' lang='lat' dir='ltr'><strong>dignata</strong></span> <span class='ocrx_word' id='word_1_54' title='bbox 581 915 666 996; x_wconf 90' lang='lat' dir='ltr'><strong>prius</strong></span> <span class='ocrx_word' id='word_1_55' title='bbox 681 915 796 989; x_wconf 86' lang='lat' dir='ltr'><strong>lueret,</strong></span> <span class='ocrx_word' id='word_1_56' title='bbox 818 911 971 973; x_wconf 87' lang='lat' dir='ltr'><strong>insidendi</strong></span> <span class='ocrx_word' id='word_1_57' title='bbox 987 933 1088 973; x_wconf 86' lang='lat' dir='ltr'><strong>sacrae</strong></span> <span class='ocrx_word' id='word_1_58' title='bbox 1104 935 1191 975; x_wconf 88' lang='lat' dir='ltr'><strong>men·</strong></span> 
     </span>
     <span class='ocr_line' id='line_1_8' title="bbox 78 997 1191 1081; baseline -0.001 -20"><span class='ocrx_word' id='word_1_59' title='bbox 78 1019 128 1061; x_wconf 89' lang='lat' dir='ltr'><strong>eae</strong></span> <span class='ocrx_word' id='word_1_60' title='bbox 149 1009 237 1060; x_wconf 81' lang='lat' dir='ltr'><strong>etex</strong></span> <span class='ocrx_word' id='word_1_61' title='bbox 258 1019 291 1060; x_wconf 88' lang='lat' dir='ltr'><strong>ea</strong></span> <span class='ocrx_word' id='word_1_62' title='bbox 314 1001 443 1079; x_wconf 87' lang='lat' dir='ltr'><strong>speciem</strong></span> <span class='ocrx_word' id='word_1_63' title='bbox 466 1008 622 1077; x_wconf 74' lang='lat' dir='ltr'><strong>augustam</strong></span> <span class='ocrx_word' id='word_1_64' title='bbox 643 997 814 1059; x_wconf 83' lang='lat' dir='ltr'><strong>ostentandi</strong></span> <span class='ocrx_word' id='word_1_65' title='bbox 835 999 950 1060; x_wconf 86' lang='lat' dir='ltr'><strong>circum</strong></span> <span class='ocrx_word' id='word_1_66' title='bbox 968 1000 1191 1081; x_wconf 81' lang='lat' dir='ltr'><strong>venerantibus,</strong></span> 
     </span>
     <span class='ocr_line' id='line_1_9' title="bbox 78 1079 1192 1164; baseline 0.001 -19"><span class='ocrx_word' id='word_1_67' title='bbox 78 1085 195 1145; x_wconf 84' lang='lat' dir='ltr'><strong>deiecto</strong></span> <span class='ocrx_word' id='word_1_68' title='bbox 207 1079 279 1144; x_wconf 79' lang='lat' dir='ltr'><strong>vero</strong></span> <span class='ocrx_word' id='word_1_69' title='bbox 295 1085 431 1144; x_wconf 84' lang='lat' dir='ltr'><strong>fueritin</strong></span> <span class='ocrx_word' id='word_1_70' title='bbox 448 1105 537 1144; x_wconf 89' lang='lat' dir='ltr'><strong>usum</strong></span> <span class='ocrx_word' id='word_1_71' title='bbox 554 1085 642 1162; x_wconf 87' lang='lat' dir='ltr'><strong>longe</strong></span> <span class='ocrx_word' id='word_1_72' title='bbox 659 1084 805 1162; x_wconf 83' lang='lat' dir='ltr'><strong>viliorem,</strong></span> <span class='ocrx_word' id='word_1_73' title='bbox 827 1085 944 1164; x_wconf 89' lang='lat' dir='ltr'><strong>quippe</strong></span> <span class='ocrx_word' id='word_1_74' title='bbox 959 1085 1036 1143; x_wconf 85' lang='lat' dir='ltr'><strong>lacta</strong></span> <span class='ocrx_word' id='word_1_75' title='bbox 1050 1086 1192 1146; x_wconf 88' lang='lat' dir='ltr'><strong>candela-</strong></span> 
     </span>
     <span class='ocr_line' id='line_1_10' title="bbox 78 1166 1191 1250; baseline 0.003 -21"><span class='ocrx_word' id='word_1_76' title='bbox 78 1166 167 1230; x_wconf 85' lang='lat' dir='ltr'><strong>brum</strong></span> <span class='ocrx_word' id='word_1_77' title='bbox 183 1168 245 1229; x_wconf 90' lang='lat' dir='ltr'><strong>huo</strong></span> <span class='ocrx_word' id='word_1_78' title='bbox 258 1170 394 1248; x_wconf 87' lang='lat' dir='ltr'><strong>illucque</strong></span> <span class='ocrx_word' id='word_1_79' title='bbox 414 1170 561 1250; x_wconf 78' lang='lat' dir='ltr'>portabile</span> <span class='ocrx_word' id='word_1_80' title='bbox 577 1179 607 1230; x_wconf 90' lang='lat' dir='ltr'><strong>et</strong></span> <span class='ocrx_word' id='word_1_81' title='bbox 623 1169 735 1250; x_wconf 86' lang='lat' dir='ltr'><strong>deponi</strong></span> <span class='ocrx_word' id='word_1_82' title='bbox 749 1177 802 1229; x_wconf 89' lang='lat' dir='ltr'><strong>aut</strong></span> <span class='ocrx_word' id='word_1_83' title='bbox 817 1170 925 1248; x_wconf 89' lang='lat' dir='ltr'><strong>proiici</strong></span> <span class='ocrx_word' id='word_1_84' title='bbox 946 1169 1047 1236; x_wconf 59' lang='lat' dir='ltr'><strong>ubivis,</strong></span> <span class='ocrx_word' id='word_1_85' title='bbox 1059 1172 1191 1232; x_wconf 86' lang='lat' dir='ltr'><strong>solitum.</strong></span> 
     </span>
     <span class='ocr_line' id='line_1_11' title="bbox 80 1254 1193 1336; baseline 0.001 -22"><span class='ocrx_word' id='word_1_86' title='bbox 80 1273 170 1335; x_wconf 90' lang='lat' dir='ltr'><strong>quarn</strong></span> <span class='ocrx_word' id='word_1_87' title='bbox 194 1275 259 1316; x_wconf 84' lang='lat' dir='ltr'><strong>rem</strong></span> <span class='ocrx_word' id='word_1_88' title='bbox 283 1257 469 1336; x_wconf 86' lang='lat' dir='ltr'><strong>Syropulus,</strong></span> <span class='ocrx_word' id='word_1_89' title='bbox 501 1255 554 1336; x_wconf 85' lang='lat' dir='ltr'><strong>qui</strong></span> <span class='ocrx_word' id='word_1_90' title='bbox 577 1256 732 1332; x_wconf 79' lang='lat' dir='ltr'><strong>negotium</strong></span> <span class='ocrx_word' id='word_1_91' title='bbox 755 1254 977 1314; x_wconf 71' lang='lat' dir='ltr'><strong>conciliationis</strong></span> <span class='ocrx_word' id='word_1_92' title='bbox 999 1256 1193 1316; x_wconf 86' lang='lat' dir='ltr'><strong>ecclesiarum</strong></span> 
     </span>
     <span class='ocr_line' id='line_1_12' title="bbox 80 1339 1193 1421; baseline -0.001 -21"><span class='ocrx_word' id='word_1_93' title='bbox 80 1343 211 1400; x_wconf 79' lang='lat' dir='ltr'><strong>Graecae</strong></span> <span class='ocrx_word' id='word_1_94' title='bbox 229 1359 264 1398; x_wconf 88' lang='lat' dir='ltr'><strong>ac</strong></span> <span class='ocrx_word' id='word_1_95' title='bbox 280 1339 402 1400; x_wconf 87' lang='lat' dir='ltr'><strong>Latinae</strong></span> <span class='ocrx_word' id='word_1_96' title='bbox 422 1358 479 1400; x_wconf 85' lang='lat' dir='ltr'><strong>nec</strong></span> <span class='ocrx_word' id='word_1_97' title='bbox 503 1340 616 1421; x_wconf 86' lang='lat' dir='ltr'><strong>suscipi</strong></span> <span class='ocrx_word' id='word_1_98' title='bbox 643 1359 775 1420; x_wconf 87' lang='lat' dir='ltr'><strong>unquam</strong></span> <span class='ocrx_word' id='word_1_99' title='bbox 792 1341 939 1400; x_wconf 85' lang='lat' dir='ltr'><strong>voluisset</strong></span> <span class='ocrx_word' id='word_1_100' title='bbox 959 1359 1016 1399; x_wconf 87' lang='lat' dir='ltr'><strong>nec</strong></span> <span class='ocrx_word' id='word_1_101' title='bbox 1036 1351 1193 1420; x_wconf 87' lang='lat' dir='ltr'><strong>perpetra·</strong></span> 
     </span>
     <span class='ocr_line' id='line_1_13' title="bbox 78 1424 1194 1507; baseline 0.003 -22"><span class='ocrx_word' id='word_1_102' title='bbox 78 1433 146 1485; x_wconf 85' lang='lat' dir='ltr'><strong>tum</strong></span> <span class='ocrx_word' id='word_1_103' title='bbox 166 1424 286 1484; x_wconf 83' lang='lat' dir='ltr'><strong>admisit</strong></span> <span class='ocrx_word' id='word_1_104' title='bbox 292 1457 307 1501; x_wconf 54' lang='grc' dir='ltr'><strong><em>ρ</em></strong></span> <span class='ocrx_word' id='word_1_105' title='bbox 324 1426 356 1484; x_wconf 88' lang='lat' dir='ltr'><strong>in</strong></span> <span class='ocrx_word' id='word_1_106' title='bbox 377 1446 463 1486; x_wconf 88' lang='lat' dir='ltr'><strong>omen</strong></span> <span class='ocrx_word' id='word_1_107' title='bbox 483 1425 586 1507; x_wconf 86' lang='lat' dir='ltr'><strong>rapuit</strong></span> <span class='ocrx_word' id='word_1_108' title='bbox 605 1445 676 1485; x_wconf 83' lang='lat' dir='ltr'><strong>mox</strong></span> <span class='ocrx_word' id='word_1_109' title='bbox 690 1434 848 1486; x_wconf 87' lang='lat' dir='ltr'><strong>secuturas</strong></span> <span class='ocrx_word' id='word_1_110' title='bbox 863 1425 1065 1506; x_wconf 77' lang='lat' dir='ltr'><strong>perversioris</strong></span> <span class='ocrx_word' id='word_1_111' title='bbox 1079 1427 1150 1506; x_wconf 89' lang='lat' dir='ltr'><strong>puri</strong></span> <span class='ocrx_word' id='word_1_112' title='bbox 1164 1436 1194 1487; x_wconf 86' lang='lat' dir='ltr'><strong>ct</strong></span> 
     </span>
     <span class='ocr_line' id='line_1_14' title="bbox 80 1510 1192 1591; baseline 0.002 -21"><span class='ocrx_word' id='word_1_113' title='bbox 80 1510 190 1570; x_wconf 87' lang='lat' dir='ltr'><strong>sinceri</strong></span> <span class='ocrx_word' id='word_1_114' title='bbox 210 1510 354 1570; x_wconf 87' lang='lat' dir='ltr'><strong>ecclesiae</strong></span> <span class='ocrx_word' id='word_1_115' title='bbox 378 1511 540 1590; x_wconf 81' lang='lat' dir='ltr'><strong>dogmatis3</strong></span> <span class='ocrx_word' id='word_1_116' title='bbox 573 1511 866 1591; x_wconf 69' lang='lat' dir='ltr'><strong>analemmatos,</strong></span> <span class='ocrx_word' id='word_1_117' title='bbox 890 1511 1024 1586; x_wconf 84' lang='lat' dir='ltr'><strong>sancita,</strong></span> <span class='ocrx_word' id='word_1_118' title='bbox 1042 1512 1192 1572; x_wconf 41' lang='lat' dir='ltr'><strong>‘unanimi</strong></span> 
     </span>
     <span class='ocr_line' id='line_1_15' title="bbox 81 1594 1193 1673; baseline 0.003 -19"><span class='ocrx_word' id='word_1_119' title='bbox 81 1594 216 1655; x_wconf 76' lang='lat' dir='ltr'><strong>Orientis</strong></span> <span class='ocrx_word' id='word_1_120' title='bbox 237 1615 306 1655; x_wconf 88' lang='lat' dir='ltr'><strong>curu</strong></span> <span class='ocrx_word' id='word_1_121' title='bbox 324 1596 491 1657; x_wconf 78' lang='lat' dir='ltr'><strong>Occidente</strong></span> <span class='ocrx_word' id='word_1_122' title='bbox 512 1617 676 1673; x_wconf 87' lang='lat' dir='ltr'><strong>consensu,</strong></span> <span class='ocrx_word' id='word_1_123' title='bbox 700 1597 733 1656; x_wconf 87' lang='lat' dir='ltr'><strong>in</strong></span> <span class='ocrx_word' id='word_1_124' title='bbox 754 1615 840 1656; x_wconf 83' lang='lat' dir='ltr'><strong>sacro</strong></span> <span class='ocrx_word' id='word_1_125' title='bbox 862 1596 1037 1657; x_wconf 80' lang='lat' dir='ltr'><strong>Florentino</strong></span> <span class='ocrx_word' id='word_1_126' title='bbox 1062 1599 1193 1658; x_wconf 87' lang='lat' dir='ltr'><strong>concilio</strong></span> 
     </span>
     <span class='ocr_line' id='line_1_16' title="bbox 78 1671 1195 1763; baseline 0.001 -22"><span class='ocrx_word' id='word_1_127' title='bbox 78 1671 219 1741; x_wconf 81' lang='lat' dir='ltr'><strong>¹doctriua</strong></span> <span class='ocrx_word' id='word_1_128' title='bbox 234 1681 437 1762; x_wconf 88' lang='lat' dir='ltr'><strong>processionis</strong></span> <span class='ocrx_word' id='word_1_129' title='bbox 452 1682 583 1762; x_wconf 74' lang='lat' dir='ltr'><strong>Spiritus</strong></span> <span class='ocrx_word' id='word_1_130' title='bbox 596 1682 701 1742; x_wconf 79' lang='lat' dir='ltr'><strong>Sancti</strong></span> <span class='ocrx_word' id='word_1_131' title='bbox 716 1702 754 1741; x_wconf 84' lang='lat' dir='ltr'><strong>ex</strong></span> <span class='ocrx_word' id='word_1_132' title='bbox 767 1692 853 1763; x_wconf 89' lang='lat' dir='ltr'><strong>patre</strong></span> <span class='ocrx_word' id='word_1_133' title='bbox 866 1682 1007 1762; x_wconf 83' lang='lat' dir='ltr'><strong>filioque,</strong></span> <span class='ocrx_word' id='word_1_134' title='bbox 1029 1681 1080 1742; x_wconf 91' lang='lat' dir='ltr'><strong>hic</strong></span> <span class='ocrx_word' id='word_1_135' title='bbox 1097 1683 1195 1762; x_wconf 87' lang='lat' dir='ltr'><strong>perti-</strong></span> 
     </span>
     <span class='ocr_line' id='line_1_17' title="bbox 80 1765 1193 1848; baseline 0.003 -23"><span class='ocrx_word' id='word_1_136' title='bbox 80 1787 142 1826; x_wconf 83' lang='lat' dir='ltr'><strong>nax</strong></span> <span class='ocrx_word' id='word_1_137' title='bbox 153 1766 187 1825; x_wconf 93' lang='lat' dir='ltr'><strong>in</strong></span> <span class='ocrx_word' id='word_1_138' title='bbox 205 1765 321 1827; x_wconf 84' lang='lat' dir='ltr'><strong>haeresi</strong></span> <span class='ocrx_word' id='word_1_139' title='bbox 335 1777 366 1827; x_wconf 88' lang='lat' dir='ltr'><strong>et</strong></span> <span class='ocrx_word' id='word_1_140' title='bbox 379 1766 540 1828; x_wconf 83' lang='lat' dir='ltr'><strong>schismate</strong></span> <span class='ocrx_word' id='word_1_141' title='bbox 554 1769 687 1848; x_wconf 84' lang='lat' dir='ltr'><strong>scriptor</strong></span> <span class='ocrx_word' id='word_1_142' title='bbox 701 1775 813 1828; x_wconf 74' lang='lat' dir='ltr'><strong>tumme</strong></span> <span class='ocrx_word' id='word_1_143' title='bbox 826 1787 862 1825; x_wconf 88' lang='lat' dir='ltr'><strong>ac</strong></span> <span class='ocrx_word' id='word_1_144' title='bbox 874 1767 1047 1848; x_wconf 82' lang='lat' dir='ltr'><strong>blaspheme</strong></span> <span class='ocrx_word' id='word_1_145' title='bbox 1061 1787 1122 1828; x_wconf 93' lang='lat' dir='ltr'><strong>non</strong></span> <span class='ocrx_word' id='word_1_146' title='bbox 1137 1788 1193 1828; x_wconf 81' lang='lat' dir='ltr'><strong>ve-</strong></span> 
     </span>
     <span class='ocr_line' id='line_1_18' title="bbox 80 1852 1195 1932; baseline 0.001 -19"><span class='ocrx_word' id='word_1_147' title='bbox 80 1861 168 1913; x_wconf 84' lang='lat' dir='ltr'><strong>retur</strong></span> <span class='ocrx_word' id='word_1_148' title='bbox 184 1852 343 1914; x_wconf 82' lang='lat' dir='ltr'><strong>affirmare.</strong></span> <span class='ocrx_word' id='word_1_149' title='bbox 384 1853 463 1913; x_wconf 91' lang='lat' dir='ltr'><strong>illud</strong></span> <span class='ocrx_word' id='word_1_150' title='bbox 475 1862 576 1913; x_wconf 90' lang='lat' dir='ltr'><strong>tamen</strong></span> <span class='ocrx_word' id='word_1_151' title='bbox 588 1853 662 1914; x_wconf 87' lang='lat' dir='ltr'><strong>haec</strong></span> <span class='ocrx_word' id='word_1_152' title='bbox 677 1853 742 1913; x_wconf 86' lang='lat' dir='ltr'><strong>eius</strong></span> <span class='ocrx_word' id='word_1_153' title='bbox 756 1853 848 1932; x_wconf 90' lang='lat' dir='ltr'><strong>impia</strong></span> <span class='ocrx_word' id='word_1_154' title='bbox 861 1853 1005 1912; x_wconf 85' lang='lat' dir='ltr'><strong>divinatio</strong></span> <span class='ocrx_word' id='word_1_155' title='bbox 1020 1853 1093 1912; x_wconf 83' lang='lat' dir='ltr'><strong>mihi</strong></span> <span class='ocrx_word' id='word_1_156' title='bbox 1108 1853 1195 1914; x_wconf 78' lang='lat' dir='ltr'><strong>all‘ert</strong></span> 
     </span>
     <span class='ocr_line' id='line_1_19' title="bbox 81 1936 1192 2019; baseline 0.002 -22"><span class='ocrx_word' id='word_1_157' title='bbox 81 1937 252 2012; x_wconf 88' lang='lat' dir='ltr'><strong>commodi,</strong></span> <span class='ocrx_word' id='word_1_158' title='bbox 278 1948 313 1997; x_wconf 89' lang='lat' dir='ltr'><strong>ut</strong></span> <span class='ocrx_word' id='word_1_159' title='bbox 330 1957 366 1997; x_wconf 82' lang='lat' dir='ltr'><strong>ex</strong></span> <span class='ocrx_word' id='word_1_160' title='bbox 381 1958 416 1997; x_wconf 85' lang='lat' dir='ltr'><strong>ea</strong></span> <span class='ocrx_word' id='word_1_161' title='bbox 436 1939 592 1999; x_wconf 79' lang='lat' dir='ltr'><strong>manifeste</strong></span> <span class='ocrx_word' id='word_1_162' title='bbox 612 1946 756 2019; x_wconf 84' lang='lat' dir='ltr'><strong>appareat</strong></span> <span class='ocrx_word' id='word_1_163' title='bbox 774 1936 988 1998; x_wconf 79' lang='lat' dir='ltr'><strong>dibombulum</strong></span> <span class='ocrx_word' id='word_1_164' title='bbox 1012 1937 1097 1999; x_wconf 83' lang='lat' dir='ltr'><strong>aliud</strong></span> <span class='ocrx_word' id='word_1_165' title='bbox 1113 1939 1192 1999; x_wconf 86' lang='lat' dir='ltr'><strong>nilril</strong></span> 
     </span>
     <span class='ocr_line' id='line_1_20' title="bbox 81 2023 1194 2106; baseline 0.002 -26"><span class='ocrx_word' id='word_1_166' title='bbox 81 2041 168 2102; x_wconf 82' lang='lat' dir='ltr'><strong>quam</strong></span> <span class='ocrx_word' id='word_1_167' title='bbox 184 2026 411 2102; x_wconf 72' lang='grc' dir='ltr'><strong><em>λαμπαδοῦχσν,</em></strong></span> <span class='ocrx_word' id='word_1_168' title='bbox 424 2023 655 2084; x_wconf 87' lang='lat' dir='ltr'><strong>instrumentum</strong></span> <span class='ocrx_word' id='word_1_169' title='bbox 669 2023 859 2104; x_wconf 88' lang='lat' dir='ltr'><strong>lampadibus</strong></span> <span class='ocrx_word' id='word_1_170' title='bbox 869 2023 1021 2101; x_wconf 81' lang='lat' dir='ltr'><strong>gestandis</strong></span> <span class='ocrx_word' id='word_1_171' title='bbox 1033 2025 1067 2082; x_wconf 91' lang='lat' dir='ltr'><strong>in</strong></span> <span class='ocrx_word' id='word_1_172' title='bbox 1082 2045 1194 2106; x_wconf 87' lang='lat' dir='ltr'><strong>pompa</strong></span> 
     </span>
     <span class='ocr_line' id='line_1_21' title="bbox 79 2107 1193 2190; baseline 0.001 -23"><span class='ocrx_word' id='word_1_173' title='bbox 79 2107 229 2188; x_wconf 84' lang='lat' dir='ltr'><strong>praeferri</strong></span> <span class='ocrx_word' id='word_1_174' title='bbox 244 2109 434 2188; x_wconf 77' lang='lat' dir='ltr'><strong>patriarchae</strong></span> <span class='ocrx_word' id='word_1_175' title='bbox 453 2111 588 2185; x_wconf 84' lang='lat' dir='ltr'><strong>solitum,</strong></span> <span class='ocrx_word' id='word_1_176' title='bbox 610 2109 698 2190; x_wconf 89' lang='lat' dir='ltr'><strong>quale</strong></span> <span class='ocrx_word' id='word_1_177' title='bbox 713 2109 738 2168; x_wconf 89' lang='lat' dir='ltr'><strong>is</strong></span> <span class='ocrx_word' id='word_1_178' title='bbox 751 2128 930 2188; x_wconf 89' lang='lat' dir='ltr'><strong>processuro</strong></span> <span class='ocrx_word' id='word_1_179' title='bbox 946 2110 979 2168; x_wconf 91' lang='lat' dir='ltr'><strong>in</strong></span> <span class='ocrx_word' id='word_1_180' title='bbox 994 2109 1110 2168; x_wconf 89' lang='lat' dir='ltr'><strong>ltaliam</strong></span> <span class='ocrx_word' id='word_1_181' title='bbox 1125 2110 1193 2186; x_wconf 90' lang='lat' dir='ltr'><strong>sibi,</strong></span> 
     </span>
     <span class='ocr_line' id='line_1_22' title="bbox 81 2193 1194 2274; baseline 0 -22"><span class='ocrx_word' id='word_1_182' title='bbox 81 2213 142 2272; x_wconf 80' lang='lat' dir='ltr'><strong>quo</strong></span> <span class='ocrx_word' id='word_1_183' title='bbox 162 2193 293 2253; x_wconf 81' lang='lat' dir='ltr'><strong>maxims</strong></span> <span class='ocrx_word' id='word_1_184' title='bbox 313 2203 467 2273; x_wconf 81' lang='lat' dir='ltr'><strong>augustam</strong></span> <span class='ocrx_word' id='word_1_185' title='bbox 488 2215 589 2255; x_wconf 90' lang='lat' dir='ltr'><strong>rerum</strong></span> <span class='ocrx_word' id='word_1_186' title='bbox 612 2215 733 2254; x_wconf 87' lang='lat' dir='ltr'><strong>suarum</strong></span> <span class='ocrx_word' id='word_1_187' title='bbox 755 2193 884 2274; x_wconf 88' lang='lat' dir='ltr'><strong>speciem</strong></span> <span class='ocrx_word' id='word_1_188' title='bbox 898 2196 1060 2274; x_wconf 84' lang='lat' dir='ltr'><strong>praeberet</strong></span> <span class='ocrx_word' id='word_1_189' title='bbox 1070 2195 1194 2270; x_wconf 86' lang='lat' dir='ltr'><strong>Latinis,</strong></span> 
     </span>
     <span class='ocr_line' id='line_1_23' title="bbox 81 2279 1195 2360; baseline 0.003 -24"><span class='ocrx_word' id='word_1_190' title='bbox 81 2297 201 2337; x_wconf 83' lang='lat' dir='ltr'><strong>curasse</strong></span> <span class='ocrx_word' id='word_1_191' title='bbox 222 2287 258 2338; x_wconf 87' lang='lat' dir='ltr'><strong>ut</strong></span> <span class='ocrx_word' id='word_1_192' title='bbox 278 2299 365 2358; x_wconf 87' lang='lat' dir='ltr'><strong>quam</strong></span> <span class='ocrx_word' id='word_1_193' title='bbox 383 2280 634 2360; x_wconf 87' lang='lat' dir='ltr'><strong>speciosissimum</strong></span> <span class='ocrx_word' id='word_1_194' title='bbox 652 2280 732 2339; x_wconf 89' lang='lat' dir='ltr'><strong>mole</strong></span> <span class='ocrx_word' id='word_1_195' title='bbox 752 2299 789 2339; x_wconf 85' lang='lat' dir='ltr'><strong>ac</strong></span> <span class='ocrx_word' id='word_1_196' title='bbox 806 2281 903 2340; x_wconf 81' lang='lat' dir='ltr'><strong>forme</strong></span> <span class='ocrx_word' id='word_1_197' title='bbox 925 2289 1100 2360; x_wconf 86' lang='lat' dir='ltr'><strong>pararetur,</strong></span> <span class='ocrx_word' id='word_1_198' title='bbox 1121 2279 1195 2339; x_wconf 89' lang='lat' dir='ltr'><strong>hinc</strong></span> 
     </span>
     <span class='ocr_line' id='line_1_24' title="bbox 79 2363 1195 2445; baseline 0.004 -23"><span class='ocrx_word' id='word_1_199' title='bbox 79 2363 292 2442; x_wconf 80' lang='lat' dir='ltr'><strong>intelligimus3</strong></span> <span class='ocrx_word' id='word_1_200' title='bbox 317 2364 398 2424; x_wconf 86' lang='lat' dir='ltr'><strong>unde</strong></span> <span class='ocrx_word' id='word_1_201' title='bbox 417 2365 451 2424; x_wconf 90' lang='lat' dir='ltr'><strong>iu</strong></span> <span class='ocrx_word' id='word_1_202' title='bbox 469 2367 501 2425; x_wconf 87' lang='lat' dir='ltr'><strong>id</strong></span> <span class='ocrx_word' id='word_1_203' title='bbox 517 2386 613 2425; x_wconf 88' lang='lat' dir='ltr'><strong>unum</strong></span> <span class='ocrx_word' id='word_1_204' title='bbox 634 2365 759 2425; x_wconf 87' lang='lat' dir='ltr'><strong>materia</strong></span> <span class='ocrx_word' id='word_1_205' title='bbox 781 2385 855 2445; x_wconf 89' lang='lat' dir='ltr'><strong>quae</strong></span> <span class='ocrx_word' id='word_1_206' title='bbox 875 2366 972 2425; x_wconf 88' lang='lat' dir='ltr'><strong>tribus</strong></span> <span class='ocrx_word' id='word_1_207' title='bbox 992 2367 1095 2426; x_wconf 84' lang='lat' dir='ltr'><strong>alteris</strong></span> <span class='ocrx_word' id='word_1_208' title='bbox 1115 2367 1195 2426; x_wconf 82' lang='lat' dir='ltr'><strong>vasis</strong></span> 
     </span>
     <span class='ocr_line' id='line_1_25' title="bbox 80 2447 1301 2531; baseline 0.002 -22"><span class='ocrx_word' id='word_1_209' title='bbox 80 2447 254 2527; x_wconf 83' lang='lat' dir='ltr'><strong>suffecerat,</strong></span> <span class='ocrx_word' id='word_1_210' title='bbox 277 2451 478 2530; x_wconf 86' lang='lat' dir='ltr'><strong>estimpensa.</strong></span> <span class='ocrx_word' id='word_1_211' title='bbox 521 2459 550 2510; x_wconf 78' lang='lat' dir='ltr'><strong>et</strong></span> <span class='ocrx_word' id='word_1_212' title='bbox 566 2451 691 2531; x_wconf 86' lang='lat' dir='ltr'><strong>pertulit</strong></span> <span class='ocrx_word' id='word_1_213' title='bbox 704 2471 811 2511; x_wconf 81' lang='lat' dir='ltr'><strong>revera</strong></span> <span class='ocrx_word' id='word_1_214' title='bbox 829 2471 916 2512; x_wconf 86' lang='lat' dir='ltr'><strong>suum</strong></span> <span class='ocrx_word' id='word_1_215' title='bbox 932 2451 1015 2512; x_wconf 87' lang='lat' dir='ltr'><strong>istud</strong></span> <span class='ocrx_word' id='word_1_216' title='bbox 1034 2451 1077 2510; x_wconf 91' lang='lat' dir='ltr'><strong>sic</strong></span> <span class='ocrx_word' id='word_1_217' title='bbox 1090 2453 1190 2512; x_wconf 85' lang='lat' dir='ltr'><strong>fusum</strong></span> <span class='ocrx_word' id='word_1_218' title='bbox 1209 2459 1231 2514; x_wconf 83' lang='lat' dir='ltr'>P</span> <span class='ocrx_word' id='word_1_219' title='bbox 1249 2459 1301 2514; x_wconf 78' lang='lat' dir='ltr'><strong>ert</strong></span> 
     </span>
     <span class='ocr_line' id='line_1_26' title="bbox 81 2532 1196 2618; baseline 0.003 -24"><span class='ocrx_word' id='word_1_220' title='bbox 81 2553 247 2614; x_wconf 76' lang='lat' dir='ltr'><strong>casumque</strong></span> <span class='ocrx_word' id='word_1_221' title='bbox 260 2532 475 2595; x_wconf 82' lang='lat' dir='ltr'><strong>dibumbulum</strong></span> <span class='ocrx_word' id='word_1_222' title='bbox 489 2536 636 2617; x_wconf 81' lang='lat' dir='ltr'><strong>loseplsus</strong></span> <span class='ocrx_word' id='word_1_223' title='bbox 649 2538 1001 2618; x_wconf 80' lang='lat' dir='ltr'><strong>Constantinopolitanae</strong></span> <span class='ocrx_word' id='word_1_224' title='bbox 1023 2537 1196 2618; x_wconf 85' lang='lat' dir='ltr'><strong>patriarcha</strong></span> 
     </span>
     <span class='ocr_line' id='line_1_27' title="bbox 80 2619 1194 2704; baseline 0.003 -26"><span class='ocrx_word' id='word_1_225' title='bbox 80 2619 276 2696; x_wconf 78' lang='lat' dir='ltr'><strong>Florentiam,</strong></span> <span class='ocrx_word' id='word_1_226' title='bbox 285 2620 377 2700; x_wconf 86' lang='lat' dir='ltr'><strong>idque</strong></span> <span class='ocrx_word' id='word_1_227' title='bbox 391 2621 433 2680; x_wconf 90' lang='lat' dir='ltr'><strong>ibi</strong></span> <span class='ocrx_word' id='word_1_228' title='bbox 448 2623 576 2683; x_wconf 86' lang='lat' dir='ltr'><strong>solemni</strong></span> <span class='ocrx_word' id='word_1_229' title='bbox 589 2641 645 2683; x_wconf 87' lang='lat' dir='ltr'><strong>suo</strong></span> <span class='ocrx_word' id='word_1_230' title='bbox 655 2622 692 2683; x_wconf 89' lang='lat' dir='ltr'><strong>ad</strong></span> <span class='ocrx_word' id='word_1_231' title='bbox 706 2643 815 2704; x_wconf 87' lang='lat' dir='ltr'><strong>papam</strong></span> <span class='ocrx_word' id='word_1_232' title='bbox 828 2643 951 2683; x_wconf 88' lang='lat' dir='ltr'><strong>accessu</strong></span> <span class='ocrx_word' id='word_1_233' title='bbox 965 2633 1114 2684; x_wconf 86' lang='lat' dir='ltr'><strong>ostentare</strong></span> <span class='ocrx_word' id='word_1_234' title='bbox 1128 2633 1194 2682; x_wconf 89' lang='lat' dir='ltr'><strong>stu-</strong></span> 
     </span>
     <span class='ocr_line' id='line_1_28' title="bbox 81 2703 1196 2788; baseline 0.004 -22"><span class='ocrx_word' id='word_1_235' title='bbox 81 2705 158 2768; x_wconf 87' lang='lat' dir='ltr'><strong>duit.</strong></span> <span class='ocrx_word' id='word_1_236' title='bbox 201 2709 342 2766; x_wconf 86' lang='lat' dir='ltr'><strong>audiatur</strong></span> <span class='ocrx_word' id='word_1_237' title='bbox 362 2707 443 2768; x_wconf 91' lang='lat' dir='ltr'><strong>idem</strong></span> <span class='ocrx_word' id='word_1_238' title='bbox 459 2710 631 2788; x_wconf 81' lang='lat' dir='ltr'><strong>Syropulus</strong></span> <span class='ocrx_word' id='word_1_239' title='bbox 649 2729 675 2771; x_wconf 89' lang='lat' dir='ltr'><strong>c.</strong></span> <span class='ocrx_word' id='word_1_240' title='bbox 689 2707 733 2774; x_wconf 79' lang='lat'><strong>24</strong></span> <span class='ocrx_word' id='word_1_241' title='bbox 752 2717 825 2768; x_wconf 82' lang='lat' dir='ltr'><strong>sect</strong></span> <span class='ocrx_word' id='word_1_242' title='bbox 842 2707 864 2772; x_wconf 86' lang='lat'>4</span> <span class='ocrx_word' id='word_1_243' title='bbox 886 2729 915 2788; x_wconf 87' lang='lat' dir='ltr'><strong>p·</strong></span> <span class='ocrx_word' id='word_1_244' title='bbox 931 2712 987 2776; x_wconf 83' lang='lat'><strong>99:</strong></span> <span class='ocrx_word' id='word_1_245' title='bbox 1010 2703 1075 2770; x_wconf 78' lang='lat' dir='ltr'><strong>elau</strong></span> <span class='ocrx_word' id='word_1_246' title='bbox 1094 2709 1196 2788; x_wconf 80' lang='grc' dir='ltr'><strong><em>διεμη-</em></strong></span> 
     </span>
     <span class='ocr_line' id='line_1_29' title="bbox 79 2784 1197 2880; baseline 0.002 -28"><span class='ocrx_word' id='word_1_247' title='bbox 79 2784 195 2854; x_wconf 82' lang='grc' dir='ltr'><strong><em>νάσατο</em></strong></span> <span class='ocrx_word' id='word_1_248' title='bbox 217 2789 237 2855; x_wconf 74' lang='grc' dir='ltr'><em>ὁ</em></span> <span class='ocrx_word' id='word_1_249' title='bbox 254 2787 440 2876; x_wconf 73' lang='grc' dir='ltr'><strong><em>πατριάρχης</em></strong></span> <span class='ocrx_word' id='word_1_250' title='bbox 458 2798 503 2878; x_wconf 73' lang='grc' dir='ltr'><strong>τῷ</strong></span> <span class='ocrx_word' id='word_1_251' title='bbox 518 2787 608 2880; x_wconf 77' lang='grc' dir='ltr'><strong><em>πάπςι</em></strong></span> <span class='ocrx_word' id='word_1_252' title='bbox 625 2789 668 2868; x_wconf 72' lang='grc' dir='ltr'><strong>οἱς</strong></span> <span class='ocrx_word' id='word_1_253' title='bbox 686 2787 828 2874; x_wconf 71' lang='grc' dir='ltr'><strong><em>βούλεται</em></strong></span> <span class='ocrx_word' id='word_1_254' title='bbox 847 2793 899 2856; x_wconf 80' lang='lat' dir='ltr'><strong>aui</strong></span> <span class='ocrx_word' id='word_1_255' title='bbox 921 2793 1000 2856; x_wconf 71' lang='grc' dir='ltr'><strong><em>ἰδεῖν</em></strong></span> <span class='ocrx_word' id='word_1_256' title='bbox 1013 2785 1121 2866; x_wconf 83' lang='grc' dir='ltr'><strong><em>ου’τόν,</em></strong></span> <span class='ocrx_word' id='word_1_257' title='bbox 1142 2791 1197 2854; x_wconf 78' lang='lat' dir='ltr'><strong>seul</strong></span> 
     </span>
     <span class='ocr_line' id='line_1_30' title="bbox 79 2869 1196 2962; baseline 0.001 -23"><span class='ocrx_word' id='word_1_258' title='bbox 79 2875 134 2939; x_wconf 79' lang='lat' dir='ltr'><strong>loe</strong></span> <span class='ocrx_word' id='word_1_259' title='bbox 148 2869 224 2962; x_wconf 77' lang='grc' dir='ltr'><strong><em>ιάξη</em></strong></span> <span class='ocrx_word' id='word_1_260' title='bbox 244 2875 362 2958; x_wconf 71' lang='grc' dir='ltr'><strong><em>ἡμέραν</em></strong></span> <span class='ocrx_word' id='word_1_261' title='bbox 379 2872 458 2941; x_wconf 76' lang='grc' dir='ltr'><strong><em>καθ’</em></strong></span> <span class='ocrx_word' id='word_1_262' title='bbox 476 2877 518 2960; x_wconf 77' lang='grc' dir='ltr'><strong>ἣν</strong></span> <span class='ocrx_word' id='word_1_263' title='bbox 539 2873 721 2960; x_wconf 68' lang='grc' dir='ltr'><strong><em>ἀποδέχεται</em></strong></span> <span class='ocrx_word' id='word_1_264' title='bbox 735 2882 824 2942; x_wconf 81' lang='grc' dir='ltr'><strong><em>τοῦτο</em></strong></span> <span class='ocrx_word' id='word_1_265' title='bbox 845 2881 982 2956; x_wconf 79' lang='grc' dir='ltr'><strong><em>ποιῆσαι.</em></strong></span> <span class='ocrx_word' id='word_1_266' title='bbox 1025 2875 1133 2936; x_wconf 82' lang='lat' dir='ltr'><strong>deinde</strong></span> <span class='ocrx_word' id='word_1_267' title='bbox 1149 2880 1196 2935; x_wconf 81' lang='lat' dir='ltr'><strong>ei-</strong></span> 
     </span>
     <span class='ocr_line' id='line_1_31' title="bbox 78 2962 1195 3044; baseline 0.002 -26"><span class='ocrx_word' id='word_1_268' title='bbox 78 2962 246 3041; x_wconf 68' lang='lat' dir='ltr'><strong>gratificavit</strong></span> <span class='ocrx_word' id='word_1_269' title='bbox 271 2963 459 3042; x_wconf 80' lang='lat' dir='ltr'><strong>patriarcha</strong></span> <span class='ocrx_word' id='word_1_270' title='bbox 481 2985 585 3044; x_wconf 83' lang='lat' dir='ltr'><strong>pupae</strong></span> <span class='ocrx_word' id='word_1_271' title='bbox 608 2965 733 3024; x_wconf 74' lang='lat' dir='ltr'><strong>vallese</strong></span> <span class='ocrx_word' id='word_1_272' title='bbox 753 2967 857 3044; x_wconf 78' lang='lat' dir='ltr'><strong>speum</strong></span> <span class='ocrx_word' id='word_1_273' title='bbox 877 2967 988 3042; x_wconf 71' lang='lat' dir='ltr'><strong>atsere,</strong></span> <span class='ocrx_word' id='word_1_274' title='bbox 1018 2981 1138 3042; x_wconf 77' lang='lat' dir='ltr'><strong>ragone</strong></span> <span class='ocrx_word' id='word_1_275' title='bbox 1158 2973 1195 3021; x_wconf 82' lang='lat' dir='ltr'><strong>ut</strong></span> 
     </span>
     <span class='ocr_line' id='line_1_32' title="bbox 81 3040 1196 3130; baseline 0.005 -26"><span class='ocrx_word' id='word_1_276' title='bbox 81 3043 163 3104; x_wconf 78' lang='lat' dir='ltr'><strong>diem</strong></span> <span class='ocrx_word' id='word_1_277' title='bbox 177 3045 364 3107; x_wconf 70' lang='lat' dir='ltr'><strong>admissione·</strong></span> <span class='ocrx_word' id='word_1_278' title='bbox 376 3053 562 3130; x_wconf 76' lang='lat' dir='ltr'><strong>assignaret.</strong></span> <span class='ocrx_word' id='word_1_279' title='bbox 606 3050 698 3109; x_wconf 87' lang='lat' dir='ltr'><strong>Paulo</strong></span> <span class='ocrx_word' id='word_1_280' title='bbox 716 3058 785 3127; x_wconf 91' lang='lat' dir='ltr'><strong>post</strong></span> <span class='ocrx_word' id='word_1_281' title='bbox 799 3041 960 3127; x_wconf 74' lang='grc' dir='ltr'><strong><em>ἐπιστάσης</em></strong></span> <span class='ocrx_word' id='word_1_282' title='bbox 977 3040 1034 3111; x_wconf 76' lang='grc' dir='ltr'><strong>οὖν</strong></span> <span class='ocrx_word' id='word_1_283' title='bbox 1049 3053 1105 3129; x_wconf 77' lang='grc' dir='ltr'><strong>τῆς</strong></span> <span class='ocrx_word' id='word_1_284' title='bbox 1120 3043 1196 3110; x_wconf 81' lang='lat' dir='ltr'><strong>rino-</strong></span> 
     </span>
     <span class='ocr_line' id='line_1_33' title="bbox 80 3132 1195 3218; baseline -0.001 -25"><span class='ocrx_word' id='word_1_285' title='bbox 80 3132 379 3218; x_wconf 71' lang='grc' dir='ltr'><strong><em>ταχθείσηςῆμὲρας,</em></strong></span> <span class='ocrx_word' id='word_1_286' title='bbox 404 3137 672 3216; x_wconf 83' lang='lat' dir='ltr'><strong>cumprueatituta</strong></span> <span class='ocrx_word' id='word_1_287' title='bbox 688 3132 753 3192; x_wconf 74' lang='lat' dir='ltr'><strong>dies</strong></span> <span class='ocrx_word' id='word_1_288' title='bbox 767 3132 947 3209; x_wconf 56' lang='lat' dir='ltr'><strong>adventaret,</strong></span> <span class='ocrx_word' id='word_1_289' title='bbox 969 3133 1012 3193; x_wconf 86' lang='lat' dir='ltr'><strong>ait</strong></span> <span class='ocrx_word' id='word_1_290' title='bbox 1027 3133 1195 3214; x_wconf 84' lang='lat' dir='ltr'><strong>Syropulu&#39;s</strong></span> 
     </span>
     <span class='ocr_line' id='line_1_34' title="bbox 80 3217 1196 3300; baseline 0.002 -26"><span class='ocrx_word' id='word_1_291' title='bbox 80 3217 285 3298; x_wconf 85' lang='lat' dir='ltr'><strong>patriarcham</strong></span> <span class='ocrx_word' id='word_1_292' title='bbox 298 3220 379 3280; x_wconf 86' lang='lat' dir='ltr'><strong>inter</strong></span> <span class='ocrx_word' id='word_1_293' title='bbox 393 3231 508 3281; x_wconf 83' lang='lat' dir='ltr'><strong>caetera</strong></span> <span class='ocrx_word' id='word_1_294' title='bbox 530 3241 608 3300; x_wconf 88' lang='lat' dir='ltr'><strong>quae</strong></span> <span class='ocrx_word' id='word_1_295' title='bbox 625 3221 663 3279; x_wconf 86' lang='lat' dir='ltr'><strong>ad</strong></span> <span class='ocrx_word' id='word_1_296' title='bbox 684 3238 824 3300; x_wconf 88' lang='lat' dir='ltr'><strong>pompam</strong></span> <span class='ocrx_word' id='word_1_297' title='bbox 839 3219 886 3278; x_wconf 93' lang='lat' dir='ltr'><strong>sui</strong></span> <span class='ocrx_word' id='word_1_298' title='bbox 906 3237 1011 3280; x_wconf 84' lang='lat' dir='ltr'><strong>versus</strong></span> <span class='ocrx_word' id='word_1_299' title='bbox 1025 3239 1122 3300; x_wconf 88' lang='lat' dir='ltr'><strong>papae</strong></span> <span class='ocrx_word' id='word_1_300' title='bbox 1140 3237 1196 3298; x_wconf 84' lang='lat' dir='ltr'><strong>pe-</strong></span> 
     </span>
     <span class='ocr_line' id='line_1_35' title="bbox 79 3301 1194 3384; baseline 0 -24"><span class='ocrx_word' id='word_1_301' title='bbox 79 3301 186 3362; x_wconf 83' lang='lat' dir='ltr'><strong>latium</strong></span> <span class='ocrx_word' id='word_1_302' title='bbox 209 3323 367 3382; x_wconf 79' lang='lat' dir='ltr'><strong>processus</strong></span> <span class='ocrx_word' id='word_1_303' title='bbox 384 3306 654 3366; x_wconf 82' lang='lat' dir='ltr'><strong>commendandam</strong></span> <span class='ocrx_word' id='word_1_304' title='bbox 680 3305 835 3384; x_wconf 82' lang='lat' dir='ltr'><strong>providit,</strong></span> <span class='ocrx_word' id='word_1_305' title='bbox 862 3305 1039 3364; x_wconf 79' lang='lat' dir='ltr'><strong>iussissent</strong></span> <span class='ocrx_word' id='word_1_306' title='bbox 1064 3304 1124 3364; x_wconf 89' lang='lat' dir='ltr'><strong>sibi</strong></span> <span class='ocrx_word' id='word_1_307' title='bbox 1145 3303 1194 3360; x_wconf 83' lang='lat' dir='ltr'><strong>di.</strong></span> 
     </span>
     <span class='ocr_line' id='line_1_36' title="bbox 80 3387 1195 3472; baseline 0.003 -27"><span class='ocrx_word' id='word_1_308' title='bbox 80 3387 262 3446; x_wconf 70' lang='lat' dir='ltr'><strong>ambulans</strong></span> <span class='ocrx_word' id='word_1_309' title='bbox 282 3398 312 3448; x_wconf 84' lang='lat' dir='ltr'><strong>et</strong></span> <span class='ocrx_word' id='word_1_310' title='bbox 324 3388 518 3450; x_wconf 79' lang='lat' dir='ltr'><strong>dicaaicium</strong></span> <span class='ocrx_word' id='word_1_311' title='bbox 541 3393 779 3472; x_wconf 71' lang='lat' dir='ltr'><strong>praeleroeuturs</strong></span> <span class='ocrx_word' id='word_1_312' title='bbox 802 3387 922 3466; x_wconf 67' lang='grc' dir='ltr'><strong><em>ἐπέταξε</em></strong></span> <span class='ocrx_word' id='word_1_313' title='bbox 937 3387 970 3460; x_wconf 74' lang='lat' dir='ltr'><strong>eli</strong></span> <span class='ocrx_word' id='word_1_314' title='bbox 984 3389 1036 3452; x_wconf 78' lang='lat' dir='ltr'><strong>iva</strong></span> <span class='ocrx_word' id='word_1_315' title='bbox 1050 3388 1195 3466; x_wconf 62' lang='grc' dir='ltr'><strong><em>κατέχονσι</em></strong></span> 
     </span>
     <span class='ocr_line' id='line_1_37' title="bbox 79 3467 1195 3560; baseline -0.002 -24"><span class='ocrx_word' id='word_1_316' title='bbox 79 3469 133 3536; x_wconf 77' lang='lat' dir='ltr'><strong>ael</strong></span> <span class='ocrx_word' id='word_1_317' title='bbox 149 3470 183 3536; x_wconf 78' lang='lat' dir='ltr'><strong>ed</strong></span> <span class='ocrx_word' id='word_1_318' title='bbox 192 3467 402 3555; x_wconf 71' lang='grc' dir='ltr'><strong><em>διβάμβονλον</em></strong></span> <span class='ocrx_word' id='word_1_319' title='bbox 416 3473 513 3540; x_wconf 76' lang='lat' dir='ltr'><strong>suiad</strong></span> <span class='ocrx_word' id='word_1_320' title='bbox 526 3478 696 3560; x_wconf 76' lang='grc' dir='ltr'><strong><em>δινανίιιιον</em></strong></span> <span class='ocrx_word' id='word_1_321' title='bbox 710 3475 884 3558; x_wconf 74' lang='grc' dir='ltr'><strong><em>ἔμπροσθεν</em></strong></span> <span class='ocrx_word' id='word_1_322' title='bbox 898 3469 1005 3538; x_wconf 64' lang='grc' dir='ltr'><strong><em>αὐτοῦ.</em></strong></span> <span class='ocrx_word' id='word_1_323' title='bbox 1049 3483 1095 3533; x_wconf 89' lang='lat' dir='ltr'><strong>est</strong></span> <span class='ocrx_word' id='word_1_324' title='bbox 1109 3474 1195 3534; x_wconf 78' lang='lat' dir='ltr'><strong>deae-</strong></span> 
     </span>
     <span class='ocr_line' id='line_1_38' title="bbox 79 3556 1291 3641; baseline -0.003 -21"><span class='ocrx_word' id='word_1_325' title='bbox 79 3557 181 3620; x_wconf 74' lang='lat' dir='ltr'><strong>vtmav</strong></span> <span class='ocrx_word' id='word_1_326' title='bbox 195 3558 389 3622; x_wconf 81' lang='lat' dir='ltr'><strong>dieuus&#39;cs&#39;um</strong></span> <span class='ocrx_word' id='word_1_327' title='bbox 403 3561 517 3641; x_wconf 89' lang='lat' dir='ltr'><strong>aliquid</strong></span> <span class='ocrx_word' id='word_1_328' title='bbox 538 3561 637 3621; x_wconf 86' lang='lat' dir='ltr'><strong>simile</strong></span> <span class='ocrx_word' id='word_1_329' title='bbox 655 3561 770 3622; x_wconf 87' lang='lat' dir='ltr'><strong>baculis</strong></span> <span class='ocrx_word' id='word_1_330' title='bbox 787 3561 848 3622; x_wconf 92' lang='lat' dir='ltr'><strong>illis</strong></span> <span class='ocrx_word' id='word_1_331' title='bbox 861 3569 915 3620; x_wconf 89' lang='lat' dir='ltr'><strong>aut</strong></span> <span class='ocrx_word' id='word_1_332' title='bbox 930 3559 1030 3619; x_wconf 87' lang='lat' dir='ltr'><strong>contis</strong></span> <span class='ocrx_word' id='word_1_333' title='bbox 1046 3556 1195 3635; x_wconf 83' lang='lat' dir='ltr'><strong>argenteis</strong></span> <span class='ocrx_word' id='word_1_334' title='bbox 1290 3585 1291 3588; x_wconf 39' lang='lat'>¹</span> 
     </span>
     <span class='ocr_line' id='line_1_39' title="bbox 80 3643 1194 3728; baseline -0.004 -24"><span class='ocrx_word' id='word_1_335' title='bbox 80 3643 181 3724; x_wconf 87' lang='lat' dir='ltr'><strong>speeie</strong></span> <span class='ocrx_word' id='word_1_336' title='bbox 200 3646 355 3707; x_wconf 84' lang='lat' dir='ltr'><strong>clavarum</strong></span> <span class='ocrx_word' id='word_1_337' title='bbox 378 3647 494 3728; x_wconf 83' lang='lat' dir='ltr'><strong>(vulgo</strong></span> <span class='ocrx_word' id='word_1_338' title='bbox 510 3667 633 3706; x_wconf 84' lang='lat' dir='ltr'><strong>nauseas</strong></span> <span class='ocrx_word' id='word_1_339' title='bbox 652 3648 783 3724; x_wconf 85' lang='lat' dir='ltr'><strong>vocant)</strong></span> <span class='ocrx_word' id='word_1_340' title='bbox 805 3667 879 3726; x_wconf 86' lang='lat' dir='ltr'><strong>quas</strong></span> <span class='ocrx_word' id='word_1_341' title='bbox 896 3643 1040 3727; x_wconf 80' lang='lat' dir='ltr'><strong>praeferri</strong></span> <span class='ocrx_word' id='word_1_342' title='bbox 1058 3643 1194 3702; x_wconf 79' lang='lat' dir='ltr'><strong>uidemus</strong></span> 
     </span>
     <span class='ocr_line' id='line_1_40' title="bbox 80 3725 1193 3810; baseline 0.001 -23"><span class='ocrx_word' id='word_1_343' title='bbox 80 3729 110 3789; x_wconf 86' lang='lat' dir='ltr'><strong>S.</strong></span> <span class='ocrx_word' id='word_1_344' title='bbox 124 3730 160 3789; x_wconf 87' lang='lat' dir='ltr'><strong>R.</strong></span> <span class='ocrx_word' id='word_1_345' title='bbox 175 3729 210 3792; x_wconf 87' lang='lat' dir='ltr'><strong>E.</strong></span> <span class='ocrx_word' id='word_1_346' title='bbox 224 3730 445 3810; x_wconf 87' lang='lat' dir='ltr'><strong>Cardinalibus,</strong></span> <span class='ocrx_word' id='word_1_347' title='bbox 460 3735 533 3796; x_wconf 89' lang='lat' dir='ltr'><strong>dum</strong></span> <span class='ocrx_word' id='word_1_348' title='bbox 547 3731 721 3794; x_wconf 84' lang='lat' dir='ltr'><strong>solemniter</strong></span> <span class='ocrx_word' id='word_1_349' title='bbox 733 3731 900 3808; x_wconf 62' lang='lat' dir='ltr'><strong>inceduuta</strong></span> <span class='ocrx_word' id='word_1_350' title='bbox 917 3729 1052 3809; x_wconf 68' lang='lat' dir='ltr'><strong>qualium</strong></span> <span class='ocrx_word' id='word_1_351' title='bbox 1069 3725 1193 3788; x_wconf 78' lang='lat' dir='ltr'><strong>Graccis</strong></span> 
     </span>
     <span class='ocr_line' id='line_1_41' title="bbox 78 3812 1195 3894; baseline -0.001 -22"><span class='ocrx_word' id='word_1_352' title='bbox 78 3813 261 3894; x_wconf 84' lang='lat' dir='ltr'><strong>patriarchis</strong></span> <span class='ocrx_word' id='word_1_353' title='bbox 275 3818 456 3880; x_wconf 86' lang='lat' dir='ltr'><strong>usitatorum</strong></span> <span class='ocrx_word' id='word_1_354' title='bbox 477 3821 613 3879; x_wconf 72' lang='lat' dir='ltr'><strong>munierit</strong></span> <span class='ocrx_word' id='word_1_355' title='bbox 626 3817 799 3883; x_wconf 88' lang='lat' dir='ltr'><strong>Chronicou</strong></span> <span class='ocrx_word' id='word_1_356' title='bbox 816 3815 1048 3893; x_wconf 75' lang='lat' dir='ltr'><strong>constantinop.</strong></span> <span class='ocrx_word' id='word_1_357' title='bbox 1062 3812 1110 3871; x_wconf 88' lang='lat' dir='ltr'><strong>lsis</strong></span> <span class='ocrx_word' id='word_1_358' title='bbox 1124 3831 1195 3872; x_wconf 81' lang='lat' dir='ltr'><strong>ver·</strong></span> 
     </span>
     <span class='ocr_line' id='line_1_42' title="bbox 79 3893 1197 3988; baseline 0.002 -31"><span class='ocrx_word' id='word_1_359' title='bbox 79 3897 143 3959; x_wconf 74' lang='lat' dir='ltr'><strong>lois:</strong></span> <span class='ocrx_word' id='word_1_360' title='bbox 173 3901 267 3976; x_wconf 75' lang='grc' dir='ltr'><strong><em>ἰδίαις</em></strong></span> <span class='ocrx_word' id='word_1_361' title='bbox 286 3902 369 3986; x_wconf 65' lang='grc' dir='ltr'><strong><em>χερσὶ</em></strong></span> <span class='ocrx_word' id='word_1_362' title='bbox 393 3904 524 3969; x_wconf 71' lang='grc' dir='ltr'><strong><em>δέδωκεν</em></strong></span> <span class='ocrx_word' id='word_1_363' title='bbox 550 3899 635 3988; x_wconf 69' lang='grc' dir='ltr'><strong><em>αὐτῷ</em></strong></span> <span class='ocrx_word' id='word_1_364' title='bbox 662 3904 833 3967; x_wconf 71' lang='lat' dir='ltr'><strong>amatam</strong></span> <span class='ocrx_word' id='word_1_365' title='bbox 854 3902 970 3965; x_wconf 69' lang='lat' dir='ltr'><strong>notiori</strong></span> <span class='ocrx_word' id='word_1_366' title='bbox 992 3895 1080 3972; x_wconf 71' lang='grc' dir='ltr'><strong><em>άξιον</em></strong></span> <span class='ocrx_word' id='word_1_367' title='bbox 1087 3935 1097 3973; x_wconf 40' lang='lat'><strong>,1</strong></span> <span class='ocrx_word' id='word_1_368' title='bbox 1125 3893 1197 3977; x_wconf 76' lang='grc' dir='ltr'><strong><em>ἤτοι</em></strong></span> 
     </span>
     <span class='ocr_line' id='line_1_43' title="bbox 80 3977 1196 4075; baseline -0.006 -28"><span class='ocrx_word' id='word_1_369' title='bbox 80 3977 200 4066; x_wconf 68' lang='grc' dir='ltr'><strong><em>ῥάβδον</em></strong></span> <span class='ocrx_word' id='word_1_370' title='bbox 218 3982 357 4072; x_wconf 76' lang='grc' dir='ltr'><strong><em>άργνράν</em></strong></span> <span class='ocrx_word' id='word_1_371' title='bbox 374 3989 681 4075; x_wconf 77' lang='grc' dir='ltr'><strong><em>περιπεχρνσαιιένην.</em></strong></span> <span class='ocrx_word' id='word_1_372' title='bbox 719 3990 859 4070; x_wconf 76' lang='lat' dir='ltr'><strong>propriis</strong></span> <span class='ocrx_word' id='word_1_373' title='bbox 873 3983 1019 4060; x_wconf 71' lang='lat' dir='ltr'><strong>mortibus</strong></span> <span class='ocrx_word' id='word_1_374' title='bbox 1031 3981 1117 4042; x_wconf 73' lang='lat' dir='ltr'><strong>deute</strong></span> <span class='ocrx_word' id='word_1_375' title='bbox 1133 3985 1196 4062; x_wconf 67' lang='grc' dir='ltr'><strong>ἱροί</strong></span> 
     </span>
     <span class='ocr_line' id='line_1_44' title="bbox 79 4067 1195 4157; baseline 0.001 -30"><span class='ocrx_word' id='word_1_376' title='bbox 79 4067 267 4132; x_wconf 79' lang='lat' dir='ltr'><strong>dlounicium</strong></span> <span class='ocrx_word' id='word_1_377' title='bbox 279 4080 389 4156; x_wconf 74' lang='lat' dir='ltr'><strong>magari</strong></span> <span class='ocrx_word' id='word_1_378' title='bbox 397 4081 503 4157; x_wconf 82' lang='lat' dir='ltr'><strong>pretii,¹</strong></span> <span class='ocrx_word' id='word_1_379' title='bbox 515 4079 579 4135; x_wconf 78' lang='lat' dir='ltr'><strong>sive</strong></span> <span class='ocrx_word' id='word_1_380' title='bbox 592 4079 715 4156; x_wconf 81' lang='lat' dir='ltr'><strong>virgum</strong></span> <span class='ocrx_word' id='word_1_381' title='bbox 726 4083 909 4154; x_wconf 73' lang='lat' dir='ltr'><strong>argenteam</strong></span> <span class='ocrx_word' id='word_1_382' title='bbox 921 4071 1195 4128; x_wconf 59' lang='lat' dir='ltr'><strong>cucumare-rotoma</strong></span> 
     </span>
     <span class='ocr_line' id='line_1_45' title="bbox 79 4153 1336 4243; baseline 0 -28"><span class='ocrx_word' id='word_1_383' title='bbox 79 4166 193 4216; x_wconf 82' lang='lat' dir='ltr'><strong>motam</strong></span> <span class='ocrx_word' id='word_1_384' title='bbox 208 4171 283 4220; x_wconf 77' lang='lat' dir='ltr'><strong>vero</strong></span> <span class='ocrx_word' id='word_1_385' title='bbox 305 4179 432 4240; x_wconf 81' lang='lat' dir='ltr'><strong>porgens</strong></span> <span class='ocrx_word' id='word_1_386' title='bbox 446 4162 617 4243; x_wconf 86' lang='lat' dir='ltr'><strong>Syropulus</strong></span> <span class='ocrx_word' id='word_1_387' title='bbox 638 4161 733 4221; x_wconf 83' lang='lat' dir='ltr'><strong>luisse</strong></span> <span class='ocrx_word' id='word_1_388' title='bbox 751 4161 846 4219; x_wconf 85' lang='lat' dir='ltr'><strong>refert</strong></span> <span class='ocrx_word' id='word_1_389' title='bbox 866 4153 1056 4236; x_wconf 82' lang='lat' dir='ltr'><strong>patriarchae</strong></span> <span class='ocrx_word' id='word_1_390' title='bbox 1073 4159 1197 4216; x_wconf 84' lang='lat' dir='ltr'><strong>contro-</strong></span> <span class='ocrx_word' id='word_1_391' title='bbox 1254 4199 1258 4208; x_wconf 73' lang='lat'>.</span> <span class='ocrx_word' id='word_1_392' title='bbox 1334 4211 1336 4218; x_wconf 16' lang='grc' dir='ltr'><em>Α</em></span> 
     </span>
     <span class='ocr_line' id='line_1_46' title="bbox 78 4239 1242 4327; baseline -0.002 -26"><span class='ocrx_word' id='word_1_393' title='bbox 78 4243 210 4302; x_wconf 84' lang='lat' dir='ltr'><strong>versiam</strong></span> <span class='ocrx_word' id='word_1_394' title='bbox 226 4243 263 4304; x_wconf 86' lang='lat' dir='ltr'><strong>de</strong></span> <span class='ocrx_word' id='word_1_395' title='bbox 281 4249 468 4327; x_wconf 88' lang='lat' dir='ltr'><strong>praelatione</strong></span> <span class='ocrx_word' id='word_1_396' title='bbox 482 4247 659 4307; x_wconf 73' lang='grc' dir='ltr'><strong><em>ιίίόαιποιιὶι·</em></strong></span> <span class='ocrx_word' id='word_1_397' title='bbox 680 4254 710 4306; x_wconf 84' lang='lat' dir='ltr'><strong>et</strong></span> <span class='ocrx_word' id='word_1_398' title='bbox 731 4243 895 4319; x_wconf 49' lang='lat' dir='ltr'><strong>dicantem)</strong></span> <span class='ocrx_word' id='word_1_399' title='bbox 917 4241 1036 4300; x_wconf 84' lang='lat' dir='ltr'><strong>dicente</strong></span> <span class='ocrx_word' id='word_1_400' title='bbox 1058 4239 1105 4299; x_wconf 91' lang='lat' dir='ltr'><strong>illi</strong></span> <span class='ocrx_word' id='word_1_401' title='bbox 1129 4259 1195 4300; x_wconf 73' lang='lat' dir='ltr'><strong>ma·</strong></span> <span class='ocrx_word' id='word_1_402' title='bbox 1238 4253 1242 4264; x_wconf 88' lang='grc'><strong>’</strong></span> 
     </span>
     <span class='ocr_line' id='line_1_47' title="bbox 78 4317 1197 4414; baseline 0.004 -26"><span class='ocrx_word' id='word_1_403' title='bbox 78 4341 146 4408; x_wconf 73' lang='lat' dir='ltr'><strong>goa</strong></span> <span class='ocrx_word' id='word_1_404' title='bbox 155 4328 394 4414; x_wconf 80' lang='lat' dir='ltr'><strong>chartophylace</strong></span> <span class='ocrx_word' id='word_1_405' title='bbox 415 4327 464 4400; x_wconf 76' lang='grc' dir='ltr'><strong>ὅτι</strong></span> <span class='ocrx_word' id='word_1_406' title='bbox 481 4333 618 4401; x_wconf 68' lang='lat' dir='ltr'><strong>uastos</strong></span> <span class='ocrx_word' id='word_1_407' title='bbox 632 4325 727 4396; x_wconf 71' lang='lat' dir='ltr'><strong>odeis</strong></span> <span class='ocrx_word' id='word_1_408' title='bbox 741 4317 893 4413; x_wconf 76' lang='grc' dir='ltr'><strong><em>άνήαονσι</em></strong></span> <span class='ocrx_word' id='word_1_409' title='bbox 908 4329 1197 4412; x_wconf 61' lang='lat' dir='ltr'><strong>neopatrensem·</strong></span> 
     </span>
    </p>
   </div>
   <div class='ocr_carea' id='block_1_3' title="bbox 0 0 1398 4792">
    <p class='ocr_par' dir='ltr' id='par_1_3' title="bbox 0 0 1398 4792">
     <span class='ocr_line' id='line_1_48' title="bbox 0 0 1398 4792; baseline 0 0"><span class='ocrx_word' id='word_1_410' title='bbox 0 0 1398 4792; x_wconf 95' lang='lat' dir='ltr'><strong> </strong></span> 
     </span>
    </p>
   </div>
  </div>
 </body>
</html>
