2820 4882
295 304 353 372 nn
378 301 627 372 sunnonlco
648 301 936 372 εεεεεοιοοο
962 269 998 374 ιζ
1014 305 1073 414 ετ.
1165 303 1236 377 ονε

135 471 330 568 ίβλασρῆμει
342 479 393 544 ani
405 477 511 544 'nium
524 477 575 542 ναί
593 467 798 561 πατροάρχην,
823 471 878 540 τόν
894 463 1132 560 κάταρρονητῆν
1143 473 1242 560 ἀπεμ-
1315 481 1318 488 ’

135 585 274 673 φαίνων,
301 578 344 670 pic
358 577 470 666 ἥκιστα
484 581 659 669 φροντοῶν,1
686 581 713 644 εί
723 577 897 660 ίπαοαλοίη.
935 579 1048 662 μικρόν·
1060 582 1171 661 διῆλθε
1188 587 1243 663 τῆς

136 685 243 775 ὥρας,
276 683 329 752 καί
356 683 503 760 ἀποστὰς·
523 684 661 762 ‘deeidam
704 680 822 765 μεταξά
849 680 909 764 τὴν
928 677 1010 747 Ιἀάἀν
1030 678 1243 766 ἀνερχόμενος,
1270 679 1284 712 ³*
1397 733 1402 748 .

137 790 227 874 παρά
244 789 399 874 μηδεμίαν
420 789 522 854 αἰτίαν
543 785 666 870 ἐμφανῆ
690 785 907 867 ξομποάίζεταο
930 785 982 852 καί
1004 785 1106 850 πίπτει
1130 787 1268 868 aruino*
1343 769 1350 794 ⁸

110 889 239 962 sterria
246 915 257 974 ,'
282 891 333 957 ναί
347 891 450 968 όάοξεν
465 887 611 975 ἀποπχεάν
624 889 713 964 δίνας
727 893 785 973 τῆς
798 888 1019 974 βλασφημίας,
1048 890 1154 964 όεενῶς
1169 914 1246 954 σον-

137 999 253 1082 rpraeta
271 994 327 1060 τόν
347 989 442 1062 πόδα.
493 999 594 1060 ταῦτα
619 991 736 1074 μαθὼν
759 987 924 1074 darsiria,
957 993 1008 1056 καί
1039 987 1081 1067 ὥς
1103 991 1182 1066 εἰκός
1206 993 1283 1059 ata

138 1100 284 1202 πραχθὲν
306 1093 499 1182 ἡγησάμενος
518 1091 812 1181 θανματοόργημα,
844 1093 882 1160 τό
905 1099 968 1159 πᾶν
992 1099 1050 1160 τοῦ
1065 1091 1245 1178 παραδόξου

138 1209 185 1293 τῷ
206 1207 449 1288 πατροαρχοῦντε
474 1199 712 1285 προσανετίθεο,
742 1199 814 1264 dior
842 1195 895 1277 όν,
930 1193 1033 1280 οἶμαι,
1061 1200 1246 1282 καὶμᾶλλον

139 1311 208 1396 θεῷ
230 1307 281 1374 καί
303 1309 342 1392 τῇ
364 1304 481 1384 πίστει,
515 1300 554 1388 ἢν
575 1304 687 1380 ἐκτίνος
710 1297 857 1390 ἀφρόνως
877 1296 1142 1388 βεβλααφημῆνει.
1194 1303 1246 1366 καί
1278 1355 1279 1358 ,

92 1423 134 1478 1⁰
142 1407 253 1476 nisiae
271 1409 389 1490 πρωίας
403 1403 530 1485 σόναξεν
546 1405 650 1488 νοονὴν
662 1403 873 1492 παραγγέλλει,
898 1401 1049 1498 ίπττάττεο
1064 1403 1096 1470 δ’
1116 1406 1246 1488 ίνεχθῆ·

142 1537 193 1579 ναο
212 1512 263 1578 καί
283 1511 339 1577 τόν
358 1509 597 1596 καταραχθίντα
618 1505 662 1585 ὥς
683 1505 760 1592 εἶχεν
781 1510 831 1574 ἐπὶ
843 1514 900 1574 τοῦ
919 1509 1099 1591 σκίμποδος.
1152 1499 1189 1574 οὗ
1206 1507 1245 1590 ὃν)

141 1618 193 1682 καί
211 1615 241 1691 ῖς
254 1614 350 1698 μίσον
363 1613 519 1694 τεθίντος,
542 1613 660 1695 πολλὴν
674 1615 726 1678 καί
744 1607 904 1697 ἀεωλόγεον
915 1607 1028 1697 ,διεξῄει
1044 1613 1245 1696 δημηγορίαν,

140 1724 294 1786 evomeris
307 1718 451 1784 ἐντεῦθεν
465 1715 501 1784 ἀν
514 1723 662 1784 οννεοτᾶν
683 1715 778 1799 ἤθελε
787 1764 798 1796 ,
824 1722 887 1782 τῶν
901 1715 934 1779 δ’
953 1715 1011 1780 ἀπ’
1029 1715 1128 1782 nitori
1141 1717 1243 1797 σχεζο-
1261 1712 1284 1766 0

140 1820 263 1906 μόνων,
291 1823 342 1887 καί
354 1827 474 1905 μᾶλλον
487 1826 550 1887 τῶν
566 1820 652 1896 idion,-
668 1815 859 1902 ζηλούντων,
881 1816 921 1882 τά
942 1825 1070 1885 πλεῖστα
1087 1816 1246 1901 undrinn-
1263 1839 1264 1842 ’

96 1935 135 1992 15
143 1949 196 2004 το,
224 1922 282 1990 κάν
303 1926 409 1992 iaciant
430 1923 487 2006 τὴν
508 1920 634 2008 γνώμην
659 1919 854 2004 ἀμετάθετον
871 1917 951 2006 είχον
973 1917 1092 2008 ἀφ”οἴς
1108 1921 1247 2004 ἀρχῆθεν

142 2028 380 2110 ἔπεοχνρίζοντο.
435 2029 487 2092 καλ
502 2025 637 2109 ἔπασχον
650 2025 717 2108 μίν,
735 2025 872 2107 ἴπαοχον
886 2023 918 2089 d'
936 2021 975 2090 ἀν
989 2026 1041 2090 καλ
1054 2025 1094 2090 τά
1106 2025 1245 2109 μίγοστα,

143 2132 172 2197 εί
193 2130 339 2212 destituit
355 2127 440 2216 ἀφίει
461 2131 511 2196 καί
532 2125 706 2214 συνεχώρει.
766 2127 838 2193 ἀλλ’
865 2126 981 2211 ἀνεῖχεν
1005 2125 1084 2204 όλως
1114 2126 1171 2204 τάς
1195 2123 1247 2191 ἔπ’

143 2227 266 2310 {minore
281 2239 344 2300 τῶν
361 2232 464 2298 ἀλλων
478 2227 581 2319 ,ἀρμάς
595 2229 721 2315 τρόποις
731 2225 954 2316 χρηστότητος.

83 2339 87 2346 ’
248 2337 309 2406 22.
356 2334 407 2402 Ἔν
420 2329 524 2428 τοότορ
540 2337 589 2402 καί
605 2331 623 2402 ἀ
638 2335 698 2404 ἀπό
713 2331 849 2422 μεγόλοο
873 2333 984 2412 donarit
1003 2331 1122 2411 Ἰταλός
1140 2333 1196 2411 μίν
1210 2334 1246 2400 τό
1264 2338 1286 2392 P
1303 2339 1356 2394 363

142 2481 322 2556 tns'intentart
338 2499 401 2570 ipsis
416 2500 595 2555 sonoritatem
610 2499 686 2553 aliani
702 2497 866 2584 patriarchae
888 2503 915 2554 et
930 2498 1018 2554 indicii
1034 2498 1091 2553 eina
1107 2498 1247 2570 periculum

143 2570 306 2638 denuntiari,
329 2572 415 2640 erupit
436 2571 464 2623 in
489 2571 641 2635 maledicta,
666 2570 730 2622 dina
746 2570 877 2624 devovens
895 2575 922 2623 et
941 2570 1017 2624 fidem
1034 2579 1063 2622 et
1078 2569 1250 2639 patriarcham

141 2640 229 2705 iatum,
245 2655 320 2709 quem
337 2647 499 2694 contemnere
515 2657 543 2692 aa
561 2657 608 2692 nec
626 2639 699 2692 nauci
715 2641 819 2704 facere,
837 2649 883 2692 aut
898 2639 960 2709 qnid
977 2639 1010 2692 de
1026 2655 1055 2692 aa
1073 2645 1204 2698 censatet.
1228 2637 1251 2692 si

144 2725 230 2762 cora·
255 2727 286 2761 en
313 2708 452 2773 citaretur,
475 2709 576 2762 omnino
599 2725 690 2761 curare
712 2709 912 2762 demonstrabat.
945 2707 1053 2762 nondum
1078 2709 1139 2761 buic
1160 2716 1217 2761 tota
1233 2726 1251 2762 a

163 2777 253 2830 rotatis
269 2775 355 2831 verbis
370 2779 464 2832 taiibus
480 2777 545 2831 bora
562 2776 716 2844 effluxerat,
739 2795 796 2832 cum
813 2779 952 2832 abscedens
968 2777 1042 2844 inde,
1065 2777 1123 2830 dutn
1141 2795 1189 2846 par
1205 2794 1252 2830 ur-

179 2863 203 2898 m
220 2846 382 2911 ambulabat,
405 2865 436 2900 ex
455 2847 524 2900 nulia
541 2845 608 2915 quaa
624 2853 764 2917 appararet
779 2864 858 2900 eausa
880 2848 1060 2916 supplantetur
1076 2849 1251 2917 sterniturqua

143 2915 214 2968 humi
233 2915 290 2968 diro
307 2932 384 2982 man,
400 2917 471 2970 viana
487 2916 660 2984 blsaphemiae
677 2931 773 2985 poenas
790 2915 918 2984 pendere,
936 2916 1003 2984 quod
1021 2934 1051 2969 en
1067 2916 1140 2998 lapan
1158 2921 1250 2986 perteus

144 2985 184 3038 iiii
200 2984 325 3037 contritus
348 2985 414 3040 aiter
437 2993 486 3038 eat.
521 3001 552 3037 eo
576 2985 716 3055 imperator
739 2986 855 3052 cognito,
879 2995 998 3038 eventum
1015 3003 1047 3038 ax
1063 3001 1146 3056 pruna
1161 2986 1250 3039 statim

208 3053 232 3105 'e
247 3054 382 3108 manifesto
400 3054 521 3108 miraculo
539 3053 682 3121 imputans,
706 3069 754 3122 pro
772 3061 877 3106 cteters
892 3071 938 3106 aua
956 3054 1123 3108 admiratione
1139 3055 1252 3125 patriar-

52 3119 59 3140 *
144 3069 226 3186 m,
251 3121 395 3192 prodigium
410 3123 436 3176 id
454 3139 511 3176 ease
528 3139 544 3176 a
561 3123 609 3175 deo
626 3121 772 3186 declarante
790 3139 862 3176 suum
880 3121 907 3174 in
924 3123 1006 3192 ipsum
1023 3140 1134 3177 amorem
1151 3125 1250 3180 eteius
1307 3133 1316 3148 ⁴

145 3192 215 3260 apud
232 3208 262 3243 sa
279 3191 370 3244 merita
386 3191 538 3244 mirabiliter
553 3199 683 3261 patratum
707 3190 762 3244 si'na
779 3192 831 3245 ulia
848 3191 1003 3246 dubitatione
1020 3193 1143 3258 credidit,
1160 3194 1253 3247 aerisi-

146 3259 240 3325 miiiua‚
258 3259 284 3312 ni
301 3260 560 3331 saliorpopiuatnrus,
579 3261 603 3315 si
620 3261 680 3313 fidei
698 3261 731 3314 ab
748 3261 797 3313 isto
815 3259 972 3330 blasphemia
988 3263 1100 3320 violatae
1117 3264 1250 3333 repetitam

145 3329 186 3382 sic
201 3326 219 3382 α’
236 3329 336 3382 nurnine
348 3329 473 3383 ultionem
489 3330 582 3384 inisset
603 3329 797 3400 interpretatus.
832 3331 957 3400 postridie
977 3332 1057 3402 igitur
1074 3349 1147 3386 mane
1164 3335 1252 3385 conde-

144 3397 205 3452 stim
222 3397 368 3450 concionem
393 3401 551 3468 frequentem
575 3397 694 3452 advocet.
727 3400 861 3469 praecepit
883 3407 968 3454 antem
991 3419 1022 3454 eo
1046 3401 1072 3454 in
1097 3401 1190 3455 lectulo
1206 3401 1253 3454 de·

144 3466 211 3520 ferri
228 3482 286 3519 enrn
303 3468 348 3538 qni
365 3467 448 3537 pridie
464 3467 564 3538 pedem,
582 3473 612 3520 ut
630 3468 724 3522 dictum
743 3475 797 3532 est,
811 3470 941 3537 fregerat,
960 3487 1010 3540 quo
1028 3471 1053 3524 in
1071 3471 1153 3524 medio
1170 3474 1252 3540 posito

145 3553 211 3589 saue
233 3535 334 3605 longam
358 3543 386 3590 et
407 3538 541 3590 verbosam
564 3555 579 3591 e
604 3537 737 3605 superiore
754 3540 884 3608 Augustus
907 3538 963 3592 ioco
987 3539 1079 3593 effudit
1102 3540 1252 3604 orationem,

145 3603 284 3674 exquisitis
299 3605 409 3659 avehens
425 3605 571 3676 praeconiis
589 3621 664 3676 quem
679 3607 785 3661 volebat
806 3609 996 3674 commendare,
1019 3609 1146 3663 abscissos
1167 3611 1252 3662 autem

146 3675 182 3728 ab
199 3691 246 3740 eo,
267 3681 313 3727 snt
326 3675 411 3744 potius
428 3675 452 3728 ai
469 3675 591 3744 privatim
608 3675 769 3742 invidentes,
792 3676 860 3730 band
885 3695 963 3747 parce
979 3677 1047 3732 omni
1063 3677 1195 3730 occasione
1212 3679 1254 3730 iu-

147 3759 269 3808 stumne,
286 3745 384 3798 trustra
397 3744 424 3798 id
442 3743 553 3813 quiden,
570 3753 691 3828 quantum
710 3744 743 3800 ad
760 3763 804 3798 ees
821 3747 854 3800 da
868 3747 997 3801 sententia
1014 3746 1176 3800 dimovendae
1194 3763 1252 3814 pnr-

146 3811 235 3865 uouit
270 3812 335 3866 adeo
352 3813 417 3866 enim
434 3813 558 3884 quidquid
576 3823 717 3898 smparator
734 3814 850 3880 diceret,
873 3815 967 3869 nuttam
984 3817 1036 3870 vim
1052 3832 1138 3868 eorum
1157 3817 1254 3870 animos

146 3882 296 3935 immutandi
314 3882 419 3946 babuit,
445 3891 476 3936 nt
498 3891 587 3938 contra
611 3901 637 3936 on
655 3883 768 3954 antiquis
785 3883 912 3938 adversos
928 3885 1093 3939 Athanasium
1110 3883 1209 3938 indiciis
1227 3897 1255 3939 at

146 3948 216 4003 odiis
232 3952 313 4019 magis
329 3952 463 4026 magisque
479 3953 697 4006 confirmarentur.
732 3961 760 4006 et
776 3954 942 4023 patiebantur
958 3955 993 4007 itii
1010 3953 1111 4022 quidem
1126 3954 1160 4006 ab
1172 3956 1255 4007 atba-

147 4018 223 4073 nasio
240 4023 336 4084 multa,
354 4021 433 4078 meite
450 4021 525 4090 plura
542 4027 569 4075 et
584 4021 736 4091 gravissima
752 4023 868 4092 passuri,
886 4023 909 4075 si
925 4021 1084 4094 permitteret
1099 4039 1157 4076 eum
1173 4023 1255 4092 impe·

146 4095 220 4142 rator
243 4090 278 4142 ad
300 4096 441 4144 sanonum
464 4090 595 4159 indulgere
624 4091 735 4160 maligno
765 4108 812 4144 sno
836 4093 922 4159 genio·
962 4091 1093 4145 inhibebat
1123 4091 1187 4144 enirn
1211 4093 1255 4146 iiia

146 4155 249 4212 omnino
260 4165 288 4212 et
304 4160 338 4212 ab
355 4159 412 4212 iilis
423 4161 540 4225 arcebat,
557 4160 659 4213 innatae
670 4160 870 4214 mansuetudinis
880 4161 1011 4228 instinctu,
1025 4177 1118 4215 τοοτοτ
1128 4163 1254 4232 ’ίοτοτηαο

148 4227 333 4282 imminentium
350 4228 384 4282 iis
399 4227 536 4297 perdendis
554 4229 785 4284 Athanaaisnorunn
802 4228 921 4298 impetus.

219 4299 262 4352 22
298 4297 371 4354 Inter
386 4297 451 4354 baec
467 4298 490 4352 ia
506 4297 550 4370 qni
567 4315 673 4369 magum
690 4299 742 4372 dns
761 4299 855 4365 deerat,
872 4299 953 4354 Italus
969 4298 1070 4370 quidem
1086 4317 1190 4371 genere,
1207 4301 1255 4354 sed
