2820 4882
285 249 371 362 'na
397 295 647 370 ιιωειοιιωο
672 299 957 374 ramnonoeo
983 306 1018 374 ι.
1039 305 1097 375 vr.
1176 308 1251 382 aaa

145 467 207 556 ‚dp
222 463 390 552 λξῆλλοιιτσ
403 473 448 557 τῷ
462 465 552 556 ἇνδρλ
565 469 606 536 sd
626 476 685 537 τοῦ
706 468 809 557 tener
829 471 904 540 οὔδ’
924 473 957 552 ἔς
973 476 1076 562 βροχιλ
1091 473 1251 548 καταστελ-

146 597 227 649 σεοις
252 577 311 656 τῆς
337 571 494 656 ἀρχῆθεν,
535 574 634 640 salros
660 599 695 660 χε
714 581 772 644 cuii
792 574 946 659 βασιλέως
962 585 1248 668 πληρρφοροῦντος,

146 675 198 744 ὅτ’
218 674 314 742 οὔτᾶν
327 675 376 740 iai
390 681 452 742 τῶν
474 675 730 762 λιιιιλησιιιστιιιῶν
750 681 801 745 ιισλ
823 676 916 746 πάλιν
934 679 1124 768 ιιραγμᾰτων
1146 686 1250 768 iceles,

148 776 191 857 cic
204 779 240 845 ai
253 771 540 864 ἦθος-ενῆλλοιιται.
591 779 673 858 ὅλοις
694 783 729 848 te
750 779 936 860 ἀθώιινοτος
959 776 998 870 ἦν
1023 785 1248 874 salisparsa,

119 885 199 953 §sol
208 882 254 948 ‘ia'
270 879 370 958 ciacc
382 879 475 961 εἴσω,
503 881 583 948 κατὰ
595 884 670 961 τοὺς
682 873 890 971 asphaltiten:
903 883 1043 969 ιιοάμοος
1055 885 1248 974 incitamur,
1266 911 1289 966 n

145 985 248 1073 βορλς
259 986 316 1068 ’μὲν
330 995 478 1070 μονσχσῒς
485 1034 495 1066 ,
521 985 716 1070 ἐξαλλάττων
729 989 780 1056 stol
794 987 875 1056 uisci
887 989 926 1056 τὰ
940 996 1003 1057 τῶν
1018 998 1125 1073 μονῶν
1138 995 1250 1062 τνιιιιιὰ

146 1093 199 1156 stol
215 1090 410 1176 μονοφοχλοιν
423 1089 468 1154 δι’
482 1088 571 1166 ianoe
585 1088 839 1177 ἔξοιιριβσῦμινος
845 1142 856 1174 ,
882 1089 926 1170 ὥς
939 1095 990 1158 καλ
1013 1095 1175 1175 devortisse
1189 1095 1247 1178 ciel,

146 1191 375 1282 adsiqsncqiae
391 1190 581 1269 ienndouaoc
602 1191 696 1280 ἑορτὴ
716 1197 767 1260 sol
789 1202 852 1262 τῶν
869 1197 1067 1281 νιοισχοιλλων,
1094 1198 1250 1284 ,inspicit

146 1299 199 1364 srol
221 1302 395 1380 siqpssot'c,
430 1296 532 1382 βαρὺς
555 1297 590 1364 di
615 1301 665 1364 acl
687 1303 822 1378 λολλιοΐς,
854 1301 904 1364 sol
921 1298 961 1364 sd
984 1296 1079 1366 πάντ’
1095 1299 1178 1388 ἔχων
1195 1305 1247 1369 stol

99 1401 250 1488 {opipara
265 1403 308 1477 stc
320 1406 394 1466 dein
415 1396 630 1487 δικαιώματα,
656 1395 702 1480 οἷς
720 1400 793 1468 odt’
811 1400 893 1480 ὅλως
905 1401 977 1469 οὐδ’
993 1403 1024 1470 oi
1041 1400 1249 1490 ὁμολογουμέ-

146 1505 296 1588 νωςνιερλ
317 1502 358 1572 td
382 1509 458 1571 tere
483 1502 688 1590 ἦνριβιομένοι
718 1501 958 1592 κατεχρήσαντο.
1018 1508 1069 1576 stol
1087 1506 1248 1593 ἐπορεύετο

146 1603 388 1694 ιιρστιιιοῦμενος
403 1607 451 1673 ini
466 1603 588 1684 revisura
600 1607 753 1691 flaccidae
766 1619 1022 1695 σνχιιροτησριοΐς,
1050 1609 1109 1678 seila
1121 1607 1242 1693 πάντες,
1262 1637 1285 1690 c

145 1715 197 1792 aral
215 1716 335 1795 μᾶλλον
356 1717 420 1777 τῶν
443 1709 612 1796 ἓιιιιλήλων,
650 1714 807 1799 δυσχερῶς
838 1709 920 1797 εἶχον
945 1722 1010 1790 τοῖς
1031 1709 1110 1800 παρ’
1134 1713 1248 1782 ἐκεῖνον

144 1815 377 1900 πραττομένοις,
430 1813 471 1879 τὰ
483 1815 543 1900 γὰρ
557 1816 670 1881 ἐκείνου
687 1815 755 1900 ἤθη
769 1815 847 1903 πρὸς
865 1816 906 1881 τὰ
923 1822 985 1882 τῶν
1008 1814 1111 1884 ἄλλων
1130 1819 1249 1896 ἐξαίσιοι
1302 1869 1303 1872 ,

27 1961 29 1966 ,
99 1927 136 1983 1⁶
144 1912 227 2002 ἦσαν
249 1919 300 1982 καλ
326 1916 397 1984 orid’
420 1915 500 1994 ὅλως
521 1919 643 1996 ἐκείνοις
665 1919 863 2001 συνέβαινον,
898 1929 964 1996 τοῖς
977 1920 1034 2001 μὲν
1056 1922 1090 1998 ἔξ
1103 1918 1248 2006 isopleura

144 2025 245 2106 δῆθεν
257 2016 423 2105 deuicerat,
445 2030 512 2096 τοῖς
524 2020 559 2086 δ’
577 2023 610 2100 ἐξ
625 2018 765 2109 raptem
779 2017 903 2108 γνώμης
918 2025 1042 2104 δοκοῦν,
1059 2033 1125 2102 τοῖς
1139 2023 1173 2090 δ’
1191 2025 1248 2106 ἒμ-

144 2129 273 2203 nadair
288 2123 554 2202 desiderarentur}
570 2121 693 2211 γνώμην
715 2131 777 2192 τῶν
799 2121 905 2190 σάλοι.
959 2120 1077 2192 ὁπόθεν
1099 2126 1134 2193 di
1154 2127 1244 2194 τοῦτ’

142 2359 188 2416 vel
204 2358 238 2411 ad
254 2358 335 2420 breue
350 2361 450 2426 ternpus
467 2355 622 2410 Athanasius
637 2357 771 2410 immutare
785 2357 922 2440 quidquam
940 2363 986 2411 aut
1002 2355 1133 2412 remittere
1152 2355 1185 2411 de
1203 2357 1247 2412 ills

142 2443 239 2482 morum
257 2426 399 2480 acerbitate
420 2426 500 2494 priori
525 2427 702 2496 patriarchatu
725 2426 882 2480 odiosissime
898 2425 1013 2496 exercita
1029 2435 1181 2492 curaverat,
1203 2434 1244 2480 ut·

141 2514 251 2567 cumque
268 2505 296 2550 et
312 2493 464 2548 credidisset
479 2494 619 2563 imperator
637 2505 663 2550 et
686 2496 843 2568 persuadere
860 2497 917 2550 allis
933 2495 1080 2566 spondendo
1096 2495 1247 2560 studuisset,

140 2567 245 2637 quando
265 2565 336 2618 illum
361 2563 546 2618 ecclesiasticis
569 2581 658 2618 mrsns
682 2566 793 2636 negotiis
809 2566 975 2637 praeposuit,
998 2565 1075 2618 ellum
1097 2566 1174 2638 plane
1195 2566 1246 2618 iam

139 2635 225 2706 ipsum
243 2653 258 2688 a
274 2636 355 2703 prime
371 2634 414 2686 illo
431 2634 524 2686 dudum
543 2651 620 2688 exoso
638 2651 669 2688 ac
686 2635 823 2688 formidato
840 2653 906 2688 nunc
923 2651 980 2688 esse
996 2637 1106 2702 iactum,
1129 2649 1187 2688 cum
1205 2639 1248 2688 ta·

140 2721 199 2758 rnen
222 2703 245 2757 is
269 2713 331 2756 tnnc
346 2701 454 2755 maxima
475 2703 550 2756 sullis
565 2719 594 2756 se
611 2705 747 2758 verborum
769 2704 863 2757 ciliciis
883 2704 1049 2770 delinlbilem,
1072 2702 1247 2776 praerigidnm

141 2773 218 2844 plane
234 2773 374 2844 quendam,
398 2778 426 2825 et
442 2779 472 2826 ut
485 2771 526 2826 sic
543 2773 649 2842 loquar,
666 2780 743 2843 prout
759 2774 875 2827 delebis
891 2774 963 2827 aiunt
980 2789 1058 2826 cornu
1074 2773 1161 2836 tactis,
1177 2771 1247 2825 nulls

140 2849 249 2896 coctura
273 2841 431 2895 emollibilern
455 2842 608 2910 praeberet,
631 2859 735 2912 gravem
759 2842 861 2913 quidese
878 2843 1007 2896 monacbis
1029 2843 1142 2912 (quibua
1165 2841 1246 2912 ipsum

160 2911 257 2965 netidie
282 2925 411 2964 numerum
429 2912 581 2980 psalmorum
604 2917 631 2961 et
648 2919 738 2964 cantus
760 2911 943 2977 ecclesiastici,
967 2928 1013 2964 usu
1036 2909 1246 2964 monasteriorum

139 2929 296 3048 angulorum
312 2981 406 3032 dudum
424 2979 539 3044 definiti,
556 2981 656 3032 modum
672 2983 767 3050 passim
785 2997 943 3050 exaggerans
960 2985 1085 3044 mutaret,
1101 2977 1247 3049 eisdemque

140 3051 176 3103 de
192 3067 260 3103 novo
277 3049 478 3118 praescriberet,
495 3054 623 3118 tamquam
637 3049 746 3103 instituti
763 3048 935 3114 observationi
952 3047 1084 3102 monastici
1101 3048 1247 3102 necessario

140 3135 282 3182 moenem,
305 3117 454 3199 religionem
471 3118 611 3171 continuati
628 3119 694 3172 citra
710 3117 921 3171 intermissionem
941 3118 1017 3171 ullam
1028 3135 1083 3240 per
1100 3123 1181 3172 totum
1199 3134 1247 3171 ae-

140 3205 193 3258 que
218 3205 309 3240 annum
331 3187 434 3248 iernnii,
459 3187 535 3238 unice
557 3187 584 3239 in
608 3187 651 3240 die
674 3188 816 3242 reiectione
840 3186 968 3252 contenti;
993 3204 1027 3240 un
1046 3205 1060 3240 e
1076 3187 1156 3240 fiebat
1174 3203 1246 3239 nnm-

139 3273 217 3326 qusm
236 3257 309 3326 plane
326 3255 387 3308 bora
405 3255 475 3324 prius
490 3272 557 3308 nona
573 3264 679 3324 gustare
691 3257 828 3328 quidquam
846 3257 990 3319 monachos,
1006 3273 1039 3310 oe
1054 3255 1080 3310 iu
1097 3254 1172 3310 l'estls
1207 3255 1246 3308 ui·

139 3329 200 3378 dem
218 3325 308 3377 donini
325 3331 376 3402 ant
388 3324 450 3393 ipsis
469 3325 670 3394 Paschalihus),
688 3343 792 3394 gravem
810 3321 888 3379 etiam
905 3325 1015 3390 clericis,
1032 3341 1136 3394 gravem
1153 3273 1247 3377 etiai-

140 3394 196 3458 cis,¹
214 3395 273 3448 dum
289 3394 372 3446 omnia
388 3394 496 3446 omnium
513 3394 546 3446 sd
564 3393 720 3458 divinarum,
738 3403 768 3448 ut
783 3394 887 3458 aiebat,
909 3394 1115 3448 iustificationum
1132 3409 1245 3447 normam

139 3465 236 3518 acerbe
258 3477 368 3530 semper
382 3463 518 3516 emandans
548 3469 670 3528 revocat,
705 3464 774 3536 quali
804 3463 944 3518 severitate
970 3462 1065 3517 nullum
1088 3479 1175 3517 eorum
1200 3461 1244 3532 qul

138 3533 251 3586 omniurn
269 3531 428 3586 cunicssione
450 3533 605 3585 haberentur
621 3533 761 3588 divinarum
785 3533 869 3604 legum
887 3534 1066 3588 observatores
1082 3530 1244 3594 exactissimi,

138 3618 213 3656 nsum
230 3603 311 3656 inisse
328 3603 472 3658 constabat.
506 3603 573 3654 inter
596 3603 642 3655 hos
664 3601 709 3656 ille
734 3603 806 3656 velut
826 3603 916 3656 inanes
940 3601 1103 3674 contemptim
1127 3599 1244 3655 tramites

138 3679 230 3755 erecta
247 3673 349 3734 fronte,
364 3687 415 3740 quo
432 3669 578 3756 intenderat
593 3671 773 3754 gradiebatur,
791 3675 875 3726 frctus
891 3671 941 3726 sibi
958 3671 1134 3754 paratissimo,
1149 3674 1178 3721 et
1193 3685 1245 3738 qun

138 3741 1089 3881 insidiabitur?diutiliillutibilis
1107 3743 1248 3875 uigilis

137 3881 239 3934 {emant
261 3895 328 3948 quae
354 3881 388 3932 ab
411 3879 453 3931 illo
478 3879 599 3932 sidebant
619 3880 691 3946 fieri,
716 3887 864 3950 tantumque
881 3881 1002 3933 abessent
1018 3897 1033 3930 a
1050 3874 1185 3946 dignandis
1203 3891 1247 3928 es·

139 3964 218 4002 sensu
242 3950 284 4002 vel
308 3949 493 4018 approbatione
510 3965 557 4000 sua
580 3949 631 4004 ullu
649 3949 703 4002 eius
719 3948 800 4014 sotis,
824 3957 855 4002 ut
871 3965 954 4001 mores
969 3946 1051 4018 ipsius
1068 3945 1096 3998 in
1113 3960 1247 4013 compara-

139 4019 211 4072 tione
230 4036 286 4072 cum
303 4020 359 4072 aliis
376 4017 451 4078 laude
467 4017 577 4072 omniurn
594 4018 731 4072 celebratis
747 4019 908 4088 praesidibus
926 4016 1090 4071 ecclesiarum
1107 4015 1183 4082 piane
1199 4011 1247 4065 sibi

138 4087 223 4141 videri
247 4095 403 4143 montuosos
426 4095 505 4156 atque
529 4088 666 4142 horribiles
688 4106 738 4141 non
761 4086 956 4140 dissimularent.
988 4084 1015 4136 iu
1032 4100 1087 4137 eum
1105 4079 1169 4136 alios
1187 4097 1246 4136 sen·

139 4159 248 4212 tentiam
267 4159 413 4212 adducebat
429 4164 501 4210 recta
519 4157 662 4211 aestimatio
679 4175 757 4212 aerae
773 4157 890 4214 nnana:
917 4153 960 4209 alii
976 4168 1053 4206 sensu
1075 4151 1184 4221 quodem
1206 4151 1247 4202 in-

140 4235 205 4281 nato
222 4231 249 4280 et
266 4227 340 4298 quasi
358 4225 426 4295 genii
442 4227 604 4280 abhorrentis
619 4227 792 4280 incitabantur
806 4225 924 4296 impulsu.
958 4221 1099 4288 nonnullos,
1116 4238 1164 4272 nec
1178 4220 1248 4272 iorte

140 4313 256 4366 {raucos¹
274 4297 439 4354 adnotabant
455 4297 510 4351 irae
527 4295 554 4352 in
571 4296 737 4352 Athanasium
754 4303 871 4360 vetares,
894 4291 986 4362 prioris
1003 4289 1060 4344 olim
1076 4291 1131 4346 eius
1146 4288 1248 4359 regimi-
