2798 4786
207 293 280 366 150
519 291 697 364 GEORGll
715 293 980 364 recusutum

205 463 418 552 ἀπαραίτητον
432 461 480 528 lui
492 467 587 530 uuicos
602 460 788 549 δειννιίμενοι
800 466 851 532 κοί
864 460 1139 551 emortuom,
1165 459 1211 541 ὥς
1223 457 1305 530 πίν-

166 572 265 646 οτας
287 568 344 651 μίν
367 564 442 634 είναι
464 567 495 632 ίν
517 564 610 658 φόβῳ
629 570 681 634 καί
701 567 836 660 ἀγωνίᾳ,
870 567 945 646 τούς
970 570 1132 645 πλείστους
1150 567 1185 633 dd
1204 569 1255 633 sul
1269 568 1306 634 ίν

204 667 392 756 καταγνώσει
413 671 598 755 λογίζεσθαι.
651 667 755 738 πάντα
778 671 810 738 d'
838 669 1000 758 ἀνέτρεπον
1020 674 1071 738 καί
1093 669 1233 754 σονίχεον
1250 669 1306 736 dod

205 773 262 858 τὴν
283 773 483 856 νομιζομένην
502 773 659 859 ἀκρίβειαν
680 773 759 840 κατὰ
784 773 823 840 τὰ
834 770 1049 861 Ἀναξαγόρειοι
1063 771 1222 860 χρήματα.
1273 773 1305 839 oi
1339 823 1340 826 η

204 878 241 944 δέ
251 901 283 962 γε
305 883 361 960 τῆς
380 877 541 960 ἐκκλησίας
554 873 686 963 ὁρῶντες
707 877 748 943 τὰ
762 884 890 944 πλεῖστα
902 879 959 961 μὲν
972 876 1053 944 καθ’
1071 875 1200 952 isoscele
1213 889 1331 946 κατε-5

202 980 380 1067 μίμφοντο,
406 975 690 1063 ὑπομιμνήσκοντες
706 981 741 1046 δὲ
761 983 813 1046 καί
832 986 878 1070 τῷ
901 978 1077 1068 πατριάρχῃ
1104 979 1308 1066 προσαναφρ

205 1107 312 1168 ροντες
335 1080 383 1150 ὅτι
399 1084 507 1148 πολλοί
524 1081 609 1169 παρὰ
626 1089 690 1150 τῶν
709 1082 824 1169 typidis
846 1080 1008 1168 ὖπηρετῶν
1029 1083 1147 1169 πληγὰς
1168 1081 1307 1166 depictis

203 1183 397 1270 ίλοίμβανον,
426 1182 468 1262 ὥς
484 1189 583 1269 δῆθεν
597 1185 637 1252 τὰ
651 1186 750 1252 πολλοὶ
763 1185 842 1270 μηδ’
858 1184 963 1267 είείότι,
990 1183 1247 1271 καταγινώσκοντα
1263 1181 1308 1262 ὥς

203 1284 468 1374 ἀταλαιποιρήτιος
494 1287 613 1371 ἕλκοντες
635 1291 704 1375 περί
725 1289 762 1356 sd
783 1285 897 1370 καλόν,
930 1285 1008 1356 ὥστε
1027 1295 1072 1378 τῷ
1094 1289 1139 1372 μὴ
1160 1287 1196 1355 sd
1210 1287 1308 1354 κακὸν

169 1392 192 1448 ⁰
208 1389 347 1466 istiusce
361 1401 460 1472 μισεῖν
473 1392 554 1474 μηδὲ
576 1390 613 1458 sd
633 1392 728 1458 καλὸν
745 1402 811 1468 τοῖς
829 1392 937 1468 αὐτοῖς
947 1389 1156 1475 ὖποίίχεσθαι
1170 1390 1306 1475 μίτραις.
1316 1405 1349 1464 10

204 1487 244 1579 ἦν
256 1491 314 1580 γάρ
322 1541 332 1573 ,
361 1490 404 1570 ὥς
423 1490 527 1584 ἐῴκει,
552 1490 568 1560 ὃ
583 1494 699 1572 σκοπὸς
718 1501 761 1585 τῷ
776 1490 1030 1582 πατριορχεείοντι
1046 1497 1079 1561 ἐκ
1090 1495 1187 1578 μέσον
1203 1499 1310 1560 θεῖναι

204 1595 242 1664 τί
267 1592 458 1684 ἀδιάφορον,
491 1595 549 1663 εἴτε
572 1594 607 1662 ὃν
630 1596 689 1664 εἴτε
714 1601 843 1678 δοκοῦν,
882 1599 916 1663 ἐκ
937 1603 1071 1664 παλαιοῦ
1096 1600 1309 1683 ἐπεισφρῆοαν

206 1699 259 1766 doci
272 1699 328 1785 τὴν
343 1705 407 1766 τῶν
424 1705 635 1784 πνευματικῶν
649 1708 855 1788 προστατῶν,
882 1697 924 1778 ὥς
939 1699 1034 1792 ᾤετο,
1062 1696 1308 1786 ἀτημιληοίανῆ

204 1947 322 2020 οηοῑεοί
349 1948 496 2018 eruptiones
519 1947 548 2003 lu
571 1947 671 2003 subitas
693 1954 720 2002 et
746 1947 816 2002 nullo
839 1955 958 2019 respectu
983 1947 1101 2002 tardatus
1126 1943 1309 2016 castigationes

204 2034 339 2088 perperam
356 2023 479 2084 actorum.
512 2029 612 2072 moesta
635 2018 694 2071 binc
709 2019 793 2072 omnia
809 2026 878 2071 metu
897 2018 1006 2083 solicito,
1023 2026 1096 2071 aestu
1112 2015 1251 2070 animorum
1267 2015 1310 2068 in-

204 2087 373 2158 quietissimo,
392 2087 502 2153 rideres,
519 2087 656 2158 plerisque,
672 2087 731 2140 dum
747 2096 775 2139 et
791 2086 968 2156 indignitatem
986 2085 1159 2156 praesentium
1177 2093 1205 2138 et
1221 2084 1311 2154 perui-

204 2157 268 2210 ciem
283 2156 463 2209 imminentium
481 2173 537 2209 cunr
562 2157 670 2209 borrore
693 2161 829 2225 reputant,
852 2172 934 2225 usque
955 2155 988 2208 ad
1014 2154 1219 2226 desperationem
1244 2152 1311 2206 effe·

202 2227 274 2279 rutis.
310 2226 493 2294 crescebatque
512 2223 541 2277 iu
564 2224 620 2277 dies
642 2224 747 2287 malum,
771 2224 831 2278 dnm
854 2223 1032 2278 nihilosecius
1048 2223 1238 2293 monachique
1262 2237 1311 2291 per

202 2309 328 2364 praeceps
348 2294 519 2348 incubuersut
541 2299 661 2358 ruentes,
686 2292 759 2346 novis
781 2291 888 2346 subinde
912 2292 1122 2364 frequentandis,
1148 2291 1311 2344 simulatione

202 2369 248 2484 :lt
265 2360 854 2483 redimisti“illelmi“
869 2359 1312 2483 'i‘lffifilumll’iibi‘ib‘i

202 2450 327 2553 ecciesiae
352 2503 379 2551 et
406 2438 700 2568 mistirfnffimlem
725 2447 905 2568 Au'axsgoff
914 2498 1026 2570 origines
1038 2447 1139 2551 emiirndl
1162 2445 1312 2550 ducilem·

136 2613 140 2626 .
203 2567 284 2622 icisse
301 2565 449 2620 affirmabat
464 2573 574 2620 naturae
590 2567 700 2636 partium
718 2567 813 2620 mistim
838 2585 869 2621 ao
885 2573 982 2622 tenuem
997 2574 1225 2631 coacervabarum,
1249 2573 1313 2620 ente

203 2635 309 2700 mentis,
325 2651 393 2706 quaa
410 2635 523 2690 ordinem
540 2636 641 2700 intulit,
658 2653 796 2689 αοοοοεοοι.
830 2637 895 2692 talia
911 2636 1077 2691 ecclesiastici
1092 2652 1148 2689 cum
1165 2641 1312 2702 cernerent,

223 2705 328 2774 lorsque
350 2704 453 2774 quidem
475 2705 655 2776 improbabant
676 2705 764 2772 taciti,
787 2712 815 2759 et
837 2723 923 2760 mcum
949 2705 1114 2760 caducose·
1136 2711 1165 2757 ut
1190 2703 1266 2756 nlmla
1284 2709 1313 2757 et

264 2773 323 2828 auia
346 2773 509 2828 damnabant
557 2791 590 2828 ac
614 2787 671 2826 cum
696 2773 818 2829 arbitrati
840 2774 989 2846 patriarcba
1013 2775 1093 2828 multa
1115 2773 1205 2826 bornm
1228 2772 1313 2826 iusclo

204 2843 272 2910 lieri,
290 2860 346 2897 eum
363 2845 487 2897 adeuntes
503 2841 645 2896 indicerent
662 2859 729 2912 quae
746 2844 854 2897 mxime
868 2843 1037 2898 intolerabilia
1053 2843 1202 2908 eredebant,
1219 2857 1314 2912 nempe

205 2921 296 2966 contra
312 2911 510 2968 ecclesiasticam
526 2913 656 2966 lenitatem
677 2912 755 2966 etiem
777 2913 828 2966 vim
845 2931 877 2966 ac
892 2913 1001 2965 verbera
1019 2928 1066 2981 per
1081 2913 1151 2965 ieros
1166 2912 1222 2964 eius
1238 2909 1314 2964 mini·

204 2989 273 3035 strue
290 2982 403 3052 plurimis
420 2981 562 3035 crudeliter
576 2979 684 3048 inferri,
708 2981 776 3051 quod
803 2999 850 3051 pro
867 2981 908 3035 sul
925 2981 1061 3035 atrocitate
1078 2997 1163 3034 omues
1180 2980 1316 3033 existime-

203 3059 264 3104 sent
280 3056 384 3120 praeter
401 3059 509 3104 mentem
531 3058 558 3103 et
575 3050 641 3104 citra
657 3050 772 3103 notitiam
789 3051 871 3120 ipsius
887 3052 922 3103 ab
938 3049 997 3103 istis
1013 3049 1151 3114 attentari,
1176 3049 1221 3102 ille
1237 3049 1314 3101 inex·

203 3117 380 3190 pectatissiure
402 3136 455 3173 rem
478 3122 646 3189 comprobans
668 3120 745 3172 etiam
768 3120 835 3172 ultro
858 3118 997 3172 monitores
1013 3119 1054 3172 inc
1117 3120 1162 3172 bat
1178 3123 1208 3170 ut
1225 3117 1315 3171 bebetl

205 3189 240 3241 ad
264 3187 323 3240 mali
347 3204 448 3241 sensum
470 3195 499 3241 et
515 3187 710 3242 detestationem
727 3188 828 3251 aciruo,
853 3203 980 3258 apparere
996 3188 1037 3240 vel
1054 3188 1080 3240 in
1100 3185 1201 3240 eaieus
1219 3186 1315 3240 callum

204 3257 341 3310 obductum
361 3257 407 3310 reli
427 3257 478 3311 'oui
502 3275 533 3312 ac
559 3257 614 3310 nelo
638 3256 768 3328 ipsorum,
795 3257 839 3326 qui
863 3267 970 3327 ιιιροοιο
987 3256 1148 3326 culpabilium
1165 3255 1315 3309 defectuum

203 3331 256 3379 ίοοι
273 3343 396 3395 pemmo
418 3327 579 3380 cuderentur.
613 3325 720 3378 sienim
742 3326 848 3379 horrore
871 3343 922 3396 quo
945 3342 994 3396 par
1017 3327 1104 3378 luerat
1126 3323 1159 3379 ad
1176 3339 1313 3378 occursum

202 3411 284 3464 prave
301 3403 416 3448 actorum
433 3401 665 3462 commorerentur,
688 3395 746 3464 ipso
768 3396 857 3465 utique
882 3393 942 3447 mali
959 3394 1018 3448 odio
1036 3393 1069 3447 ad
1085 3394 1144 3447 boni
1161 3393 1213 3462 ipsi
1228 3409 1315 3462 oppo-

202 3461 1315 3605 tiu÷”rlmtlt”tlzfl⁰:2‘tulllinltr‘tsssslttl‘ttwt

406 3571 414 3600 λ
1082 3571 1089 3596 b

202 3601 336 3671 paratione
359 3619 391 3654 ac
414 3601 657 3655 commensuratione
678 3619 736 3655 cum
776 3610 865 3660 eocato
882 3601 951 3672 quod
993 3601 1062 3667 uult,
1086 3600 1180 3653 lustum
1203 3615 1315 3653 esseae

202 3669 361 3724 moderatum
386 3677 456 3724 recte
479 3671 643 3725 censentibus
659 3671 817 3740 intelligutur.
852 3671 891 3724 bis
915 3671 1063 3740 patriarcba
1088 3667 1315 3738 obiurgatiocibus

201 3738 412 3810 insperatissimis
427 3740 491 3794 istos
507 3740 633 3794 ecclesiae
648 3740 772 3810 primores
788 3739 833 3811 qui
850 3753 907 3792 eum
922 3738 1074 3793 admonituri
1091 3737 1280 3792 conveniebant
1297 3754 1317 3792 a

201 3824 233 3864 se
249 3809 371 3878 abigeus,
396 3826 494 3863 omnem
510 3809 561 3863 lam
585 3809 633 3861 sibi
652 3809 720 3880 apud
737 3826 782 3862 eos
799 3810 919 3863 demebat
936 3809 1125 3862 executionem
1142 3807 1176 3861 ab
1193 3805 1317 3876 opiuioue

201 3875 363 3962 ignorantiae
379 3895 464 3932 renum
480 3895 549 3949 quae
565 3878 678 3940 fiebant,
701 3885 729 3931 et
753 3883 834 3932 totam
851 3878 877 3931 iu
892 3893 965 3932 sunus
982 3885 1062 3949 caput
1078 3876 1226 3931 attrahebat
1243 3873 1315 3927 inri-

202 3947 288 4012 dsam‚
314 3947 378 4000 nibil
403 3947 477 4017 peual
500 3947 636 4018 quidquam
661 3947 772 4011 babens,
797 3947 857 4000 dum
881 3947 964 4016 palam
981 3952 1125 4000 ostentaret
1141 3962 1173 3998 eo
1189 3943 1268 4013 plane
1285 3961 1317 3998 se

203 4023 322 4084 spectare
339 4033 370 4071 uc
385 4022 458 4070 recta
474 4017 553 4080 leni,
569 4025 599 4069 ut
616 4033 632 4069 e
648 4015 731 4070 medio
747 4015 850 4070 tolleret
865 4016 1038 4086 radicitusque
1054 4016 1121 4068 extis
1140 4019 1196 4068 aret
1212 4013 1317 4067 Omnino

203 4084 429 4156 qualemcumque,
457 4103 504 4139 seu
521 4101 607 4138 reram
624 4101 671 4138 seu
688 4101 721 4155 ap
740 4091 854 4139 arentem
870 4085 1019 4154 discipliuae
1035 4032 1218 4147 remissionem,
1233 4082 1316 4204 vulp'o

201 4149 397 4208 indifferentiam
414 4163 548 4220 vocaturo,
572 4169 649 4224 quem
673 4170 706 4206 ex
738 4171 803 4225 ongo
821 4155 931 4226 putabat
947 4154 1094 4224 obrepsisse
1111 4159 1219 4224 propter
1235 4151 1278 4220 apl
1302 4179 1318 4192 -

201 4221 309 4275 tualium
325 4223 471 4293 praesidum
487 4221 622 4288 incuriam,
635 4223 750 4277 inolitam
766 4241 828 4278 vero
851 4238 911 4277 sese
935 4222 988 4276 iam
1007 4224 1075 4276 tueri
1096 4223 1204 4293 quadam
1221 4229 1318 4274 aucto-

201 4287 281 4344 ritato
297 4308 330 4346 ex
345 4291 503 4363 praeiudicio
521 4292 713 4348 eomueuudiub
721 4329 731 4363 ,
747 4303 837 4350 centn
854 4291 923 4367 qnod
938 4291 989 4348 rite
1006 4301 1086 4376 atque
1102 4291 1191 4347 ordine
1206 4288 1247 4347 sul
1264 4289 1318 4344 nri·
