<?xml version="1.0" encoding="UTF-8"?>
<!DOCTYPE html PUBLIC "-//W3C//DTD XHTML 1.0 Transitional//EN"
    "http://www.w3.org/TR/xhtml1/DTD/xhtml1-transitional.dtd">
<html xmlns="http://www.w3.org/1999/xhtml" xml:lang="en" lang="en">
 <head>
  <title>
</title>
<meta http-equiv="Content-Type" content="text/html;charset=utf-8" />
  <meta name='ocr-system' content='tesseract 3.04.00' />
  <meta name='ocr-capabilities' content='ocr_page ocr_carea ocr_par ocr_line ocrx_word'/>
</head>
<body>
  <div class='ocr_page' id='page_1' title='image "./georgiipachymer00pousgoog_0705.png"; bbox 0 0 2782 4792; ppageno 0'>
   <div class='ocr_carea' id='block_1_1' title="bbox 182 265 988 354">
    <p class='ocr_par' dir='ltr' id='par_1_1' title="bbox 182 213 988 354">
     <span class='ocr_line' id='line_1_1' title="bbox 182 265 988 354; baseline -0.024 0"><span class='ocrx_word' id='word_1_1' title='bbox 182 275 261 354; x_wconf 81' lang='lat' dir='ltr'><strong>esa</strong></span> <span class='ocrx_word' id='word_1_2' title='bbox 487 268 725 342; x_wconf 75' lang='lat' dir='ltr'><strong>cessurus.</strong></span> <span class='ocrx_word' id='word_1_3' title='bbox 749 265 988 338; x_wconf 77' lang='lat' dir='ltr'><strong>recusum.</strong></span> 
     </span>
    </p>
   </div>
   <div class='ocr_carea' id='block_1_2' title="bbox 81 431 1390 4366">
    <p class='ocr_par' dir='ltr' id='par_1_2' title="bbox 107 431 1371 1884">
     <span class='ocr_line' id='line_1_2' title="bbox 184 431 1297 518; baseline -0.01 -13"><span class='ocrx_word' id='word_1_4' title='bbox 184 449 311 505; x_wconf 85' lang='lat' dir='ltr'><strong>vocatus</strong></span> <span class='ocrx_word' id='word_1_5' title='bbox 337 443 511 518; x_wconf 83' lang='lat' dir='ltr'><strong>constanter</strong></span> <span class='ocrx_word' id='word_1_6' title='bbox 535 433 766 516; x_wconf 77' lang='lat' dir='ltr'><strong>eayuch-ehm.</strong></span> <span class='ocrx_word' id='word_1_7' title='bbox 806 433 1013 518; x_wconf 86' lang='lat' dir='ltr'><strong>primus&#39;qui</strong></span> <span class='ocrx_word' id='word_1_8' title='bbox 1030 431 1175 514; x_wconf 82' lang='lat' dir='ltr'><strong>Cayuclro</strong></span> <span class='ocrx_word' id='word_1_9' title='bbox 1202 431 1297 494; x_wconf 88' lang='lat' dir='ltr'><strong>dece-</strong></span> 
     </span>
     <span class='ocr_line' id='line_1_3' title="bbox 185 519 1371 600; baseline -0.012 -10"><span class='ocrx_word' id='word_1_10' title='bbox 185 527 270 590; x_wconf 88' lang='lat' dir='ltr'><strong>denti</strong></span> <span class='ocrx_word' id='word_1_11' title='bbox 291 525 434 586; x_wconf 83' lang='lat' dir='ltr'><strong>suffectus</strong></span> <span class='ocrx_word' id='word_1_12' title='bbox 456 531 517 598; x_wconf 88' lang='lat' dir='ltr'><strong>eat,</strong></span> <span class='ocrx_word' id='word_1_13' title='bbox 539 521 728 584; x_wconf 80' lang='lat' dir='ltr'><strong>blunksksus</strong></span> <span class='ocrx_word' id='word_1_14' title='bbox 748 522 810 580; x_wconf 78' lang='lat' dir='ltr'><strong>non&#39;</strong></span> <span class='ocrx_word' id='word_1_15' title='bbox 827 521 943 580; x_wconf 73' lang='lat' dir='ltr'><strong>Cleonis</strong></span> <span class='ocrx_word' id='word_1_16' title='bbox 961 520 1015 580; x_wconf 89' lang='lat' dir='ltr'><strong>sed</strong></span> <span class='ocrx_word' id='word_1_17' title='bbox 1031 523 1153 580; x_wconf 82' lang='lat' dir='ltr'><strong>Kuonis</strong></span> <span class='ocrx_word' id='word_1_18' title='bbox 1171 519 1296 600; x_wconf 86' lang='lat' dir='ltr'><strong>epitlre-</strong></span> <span class='ocrx_word' id='word_1_19' title='bbox 1369 569 1371 576; x_wconf 93' lang='lat'><em>.</em></span> 
     </span>
     <span class='ocr_line' id='line_1_4' title="bbox 183 566 1297 684; baseline -0.01 -11"><span class='ocrx_word' id='word_1_20' title='bbox 183 624 239 673; x_wconf 92' lang='lat' dir='ltr'><strong>tou</strong></span> <span class='ocrx_word' id='word_1_21' title='bbox 256 593 395 671; x_wconf 84' lang='lat' dir='ltr'><strong>sdscivit.</strong></span> <span class='ocrx_word' id='word_1_22' title='bbox 435 566 609 668; x_wconf 77' lang='lat' dir='ltr'><strong>llluuicakoo</strong></span> <span class='ocrx_word' id='word_1_23' title='bbox 624 617 745 668; x_wconf 89' lang='lat' dir='ltr'><strong>mortuo</strong></span> <span class='ocrx_word' id='word_1_24' title='bbox 759 615 788 665; x_wconf 89' lang='lat' dir='ltr'><strong>et</strong></span> <span class='ocrx_word' id='word_1_25' title='bbox 802 608 865 664; x_wconf 87' lang='lat' dir='ltr'><strong>cius</strong></span> <span class='ocrx_word' id='word_1_26' title='bbox 878 607 1069 665; x_wconf 72' lang='lat' dir='ltr'><strong>successione</strong></span> <span class='ocrx_word' id='word_1_27' title='bbox 1085 605 1200 666; x_wconf 85' lang='lat' dir='ltr'><strong>incerto</strong></span> <span class='ocrx_word' id='word_1_28' title='bbox 1215 627 1297 684; x_wconf 89' lang='lat' dir='ltr'><strong>pro-</strong></span> 
     </span>
     <span class='ocr_line' id='line_1_5' title="bbox 185 690 1298 781; baseline -0.011 -21"><span class='ocrx_word' id='word_1_29' title='bbox 185 708 257 781; x_wconf 86' lang='lat' dir='ltr'><strong>pter</strong></span> <span class='ocrx_word' id='word_1_30' title='bbox 276 695 389 755; x_wconf 84' lang='lat' dir='ltr'><strong>Kublai</strong></span> <span class='ocrx_word' id='word_1_31' title='bbox 408 703 438 754; x_wconf 89' lang='lat' dir='ltr'><strong>et</strong></span> <span class='ocrx_word' id='word_1_32' title='bbox 460 693 609 768; x_wconf 79' lang='lat' dir='ltr'><strong>Aribugse</strong></span> <span class='ocrx_word' id='word_1_33' title='bbox 630 691 890 754; x_wconf 76' lang='lat' dir='ltr'><strong>candidatorum&#39;</strong></span> <span class='ocrx_word' id='word_1_34' title='bbox 881 691 999 770; x_wconf 81' lang='lat' dir='ltr'><strong>imperii</strong></span> <span class='ocrx_word' id='word_1_35' title='bbox 1018 711 1073 772; x_wconf 88' lang='lat' dir='ltr'><strong>per</strong></span> <span class='ocrx_word' id='word_1_36' title='bbox 1087 690 1298 768; x_wconf 86' lang='lat' dir='ltr'><strong>duodeviginti</strong></span> 
     </span>
     <span class='ocr_line' id='line_1_6' title="bbox 188 775 1296 854; baseline -0.008 -12"><span class='ocrx_word' id='word_1_37' title='bbox 188 803 283 842; x_wconf 88' lang='lat' dir='ltr'><strong>annos</strong></span> <span class='ocrx_word' id='word_1_38' title='bbox 300 780 389 842; x_wconf 85' lang='lat' dir='ltr'><strong>bella</strong></span> <span class='ocrx_word' id='word_1_39' title='bbox 400 778 518 854; x_wconf 87' lang='lat' dir='ltr'><strong>civilia,</strong></span> <span class='ocrx_word' id='word_1_40' title='bbox 543 779 674 840; x_wconf 81' lang='lat' dir='ltr'><strong>Hulaou</strong></span> <span class='ocrx_word' id='word_1_41' title='bbox 691 779 783 838; x_wconf 84' lang='lat' dir='ltr'><strong>irater</strong></span> <span class='ocrx_word' id='word_1_42' title='bbox 798 775 987 848; x_wconf 80' lang='lat' dir='ltr'><strong>ltiunkakai,</strong></span> <span class='ocrx_word' id='word_1_43' title='bbox 1002 778 1110 836; x_wconf 85' lang='lat' dir='ltr'><strong>missus</strong></span> <span class='ocrx_word' id='word_1_44' title='bbox 1125 777 1243 836; x_wconf 88' lang='lat' dir='ltr'><strong>dudum</strong></span> <span class='ocrx_word' id='word_1_45' title='bbox 1258 775 1296 834; x_wconf 94' lang='lat' dir='ltr'><strong>ab</strong></span> 
     </span>
     <span class='ocr_line' id='line_1_7' title="bbox 186 821 1296 948; baseline -0.007 -20"><span class='ocrx_word' id='word_1_46' title='bbox 186 889 221 928; x_wconf 90' lang='lat' dir='ltr'><strong>eo</strong></span> <span class='ocrx_word' id='word_1_47' title='bbox 236 877 270 927; x_wconf 91' lang='lat' dir='ltr'><strong>ut</strong></span> <span class='ocrx_word' id='word_1_48' title='bbox 285 887 343 948; x_wconf 92' lang='lat' dir='ltr'><strong>pro</strong></span> <span class='ocrx_word' id='word_1_49' title='bbox 356 884 388 926; x_wconf 90' lang='lat' dir='ltr'><strong>se</strong></span> <span class='ocrx_word' id='word_1_50' title='bbox 400 873 548 946; x_wconf 84' lang='lat' dir='ltr'><strong>praeesset</strong></span> <span class='ocrx_word' id='word_1_51' title='bbox 562 863 726 924; x_wconf 88' lang='lat' dir='ltr'><strong>Occiduis</strong></span> <span class='ocrx_word' id='word_1_52' title='bbox 718 863 838 942; x_wconf 80' lang='lat' dir='ltr'><strong>imperii</strong></span> <span class='ocrx_word' id='word_1_53' title='bbox 830 821 1015 936; x_wconf 80' lang='lat' dir='ltr'><strong>tractibus,</strong></span> <span class='ocrx_word' id='word_1_54' title='bbox 1037 863 1107 938; x_wconf 85' lang='lat' dir='ltr'><strong>etsi,</strong></span> <span class='ocrx_word' id='word_1_55' title='bbox 1129 882 1296 940; x_wconf 85' lang='lat' dir='ltr'><strong>numquam</strong></span> 
     </span>
     <span class='ocr_line' id='line_1_8' title="bbox 107 907 1297 1028; baseline -0.008 -14"><span class='ocrx_word' id='word_1_56' title='bbox 107 955 110 964; x_wconf 79' lang='grc'><em>“</em></span> <span class='ocrx_word' id='word_1_57' title='bbox 185 953 244 1014; x_wconf 87' lang='lat' dir='ltr'><strong>rite</strong></span> <span class='ocrx_word' id='word_1_58' title='bbox 263 952 359 1012; x_wconf 90' lang='lat' dir='ltr'><strong>lectus</strong></span> <span class='ocrx_word' id='word_1_59' title='bbox 383 958 436 1008; x_wconf 89' lang='lat' dir='ltr'><strong>aut</strong></span> <span class='ocrx_word' id='word_1_60' title='bbox 455 950 653 1028; x_wconf 78' lang='lat' dir='ltr'><strong>inauguratus</strong></span> <span class='ocrx_word' id='word_1_61' title='bbox 672 950 851 1028; x_wconf 85' lang='lat' dir='ltr'><strong>imperator,</strong></span> <span class='ocrx_word' id='word_1_62' title='bbox 882 946 963 1006; x_wconf 80' lang='lat' dir='ltr'><strong>haud</strong></span> <span class='ocrx_word' id='word_1_63' title='bbox 982 907 1117 1008; x_wconf 81' lang='lat' dir='ltr'><strong>obtinere</strong></span> <span class='ocrx_word' id='word_1_64' title='bbox 1140 949 1297 1007; x_wconf 86' lang='lat' dir='ltr'><strong>videretur</strong></span> 
     </span>
     <span class='ocr_line' id='line_1_9' title="bbox 185 1032 1296 1113; baseline -0.007 -15"><span class='ocrx_word' id='word_1_65' title='bbox 185 1057 293 1098; x_wconf 78' lang='lat' dir='ltr'><strong>verum</strong></span> <span class='ocrx_word' id='word_1_66' title='bbox 309 1035 358 1095; x_wconf 90' lang='lat' dir='ltr'><strong>ius</strong></span> <span class='ocrx_word' id='word_1_67' title='bbox 370 1055 461 1113; x_wconf 80' lang='lat' dir='ltr'><strong>regns</strong></span> <span class='ocrx_word' id='word_1_68' title='bbox 447 1033 688 1112; x_wconf 85' lang='lat' dir='ltr'><strong>&#39;Mogulensium</strong></span> <span class='ocrx_word' id='word_1_69' title='bbox 696 1075 707 1110; x_wconf 85' lang='lat'><strong>,</strong></span> <span class='ocrx_word' id='word_1_70' title='bbox 730 1044 829 1093; x_wconf 84' lang='lat' dir='ltr'><strong>tomen</strong></span> <span class='ocrx_word' id='word_1_71' title='bbox 847 1032 969 1112; x_wconf 84' lang='lat' dir='ltr'><strong>quiade</strong></span> <span class='ocrx_word' id='word_1_72' title='bbox 983 1035 1064 1094; x_wconf 87' lang='lat' dir='ltr'><strong>sacto</strong></span> <span class='ocrx_word' id='word_1_73' title='bbox 1080 1033 1134 1092; x_wconf 88' lang='lat' dir='ltr'><strong>tali</strong></span> <span class='ocrx_word' id='word_1_74' title='bbox 1148 1041 1296 1113; x_wconf 77' lang='lat' dir='ltr'><strong>potestate</strong></span> 
     </span>
     <span class='ocr_line' id='line_1_10' title="bbox 184 1118 1297 1200; baseline -0.007 -16"><span class='ocrx_word' id='word_1_75' title='bbox 184 1122 379 1200; x_wconf 82' lang='lat' dir='ltr'><strong>fungebatur,</strong></span> <span class='ocrx_word' id='word_1_76' title='bbox 410 1119 448 1178; x_wconf 92' lang='lat' dir='ltr'><strong>sb</strong></span> <span class='ocrx_word' id='word_1_77' title='bbox 475 1119 699 1200; x_wconf 76' lang='lat' dir='ltr'><strong>Abulpbarsgio</strong></span> <span class='ocrx_word' id='word_1_78' title='bbox 733 1119 912 1198; x_wconf 83' lang='lat' dir='ltr'><strong>aliquando</strong></span> <span class='ocrx_word' id='word_1_79' title='bbox 924 1119 1096 1198; x_wconf 85' lang='lat' dir='ltr'><strong>appellatur</strong></span> <span class='ocrx_word' id='word_1_80' title='bbox 1117 1120 1248 1178; x_wconf 81' lang='lat' dir='ltr'><strong>Hulaeu</strong></span> <span class='ocrx_word' id='word_1_81' title='bbox 1269 1118 1297 1176; x_wconf 77' lang='lat' dir='ltr'><strong>d</strong></span> 
     </span>
     <span class='ocr_line' id='line_1_11' title="bbox 188 1202 1296 1284; baseline -0.005 -16"><span class='ocrx_word' id='word_1_82' title='bbox 188 1208 286 1269; x_wconf 76' lang='lat' dir='ltr'><em>Chaa.</em></span> <span class='ocrx_word' id='word_1_83' title='bbox 328 1205 389 1266; x_wconf 90' lang='lat' dir='ltr'><strong>boc</strong></span> <span class='ocrx_word' id='word_1_84' title='bbox 410 1224 484 1264; x_wconf 82' lang='lat' dir='ltr'><strong>vero</strong></span> <span class='ocrx_word' id='word_1_85' title='bbox 504 1214 646 1283; x_wconf 86' lang='lat' dir='ltr'><strong>mortuo,</strong></span> <span class='ocrx_word' id='word_1_86' title='bbox 671 1204 723 1266; x_wconf 90' lang='lat' dir='ltr'><strong>ubi</strong></span> <span class='ocrx_word' id='word_1_87' title='bbox 739 1205 877 1282; x_wconf 80' lang='lat' dir='ltr'><strong>legitimis</strong></span> <span class='ocrx_word' id='word_1_88' title='bbox 891 1202 1040 1284; x_wconf 82' lang='lat' dir='ltr'><strong>suffragiis</strong></span> <span class='ocrx_word' id='word_1_89' title='bbox 1053 1205 1149 1282; x_wconf 86' lang='lat' dir='ltr'><strong>gentis</strong></span> <span class='ocrx_word' id='word_1_90' title='bbox 1164 1204 1296 1265; x_wconf 89' lang='lat' dir='ltr'><strong>colloca-</strong></span> 
     </span>
     <span class='ocr_line' id='line_1_12' title="bbox 184 1285 1295 1369; baseline -0.005 -15"><span class='ocrx_word' id='word_1_91' title='bbox 184 1302 250 1354; x_wconf 87' lang='lat' dir='ltr'><strong>tum</strong></span> <span class='ocrx_word' id='word_1_92' title='bbox 264 1293 297 1352; x_wconf 91' lang='lat' dir='ltr'><strong>in</strong></span> <span class='ocrx_word' id='word_1_93' title='bbox 311 1289 531 1369; x_wconf 85' lang='lat' dir='ltr'><strong>Megalensium</strong></span> <span class='ocrx_word' id='word_1_94' title='bbox 544 1291 620 1352; x_wconf 88' lang='lat' dir='ltr'><strong>solio</strong></span> <span class='ocrx_word' id='word_1_95' title='bbox 637 1289 769 1350; x_wconf 81' lang='lat' dir='ltr'><strong>Abaknm</strong></span> <span class='ocrx_word' id='word_1_96' title='bbox 783 1290 901 1350; x_wconf 86' lang='lat' dir='ltr'><strong>liulacu</strong></span> <span class='ocrx_word' id='word_1_97' title='bbox 918 1285 1015 1350; x_wconf 84' lang='lat' dir='ltr'><strong>lilium</strong></span> <span class='ocrx_word' id='word_1_98' title='bbox 1032 1290 1155 1366; x_wconf 90' lang='lat' dir='ltr'><strong>retulit,</strong></span> <span class='ocrx_word' id='word_1_99' title='bbox 1177 1309 1295 1369; x_wconf 86' lang='lat' dir='ltr'><strong>semper</strong></span> 
     </span>
     <span class='ocr_line' id='line_1_13' title="bbox 185 1373 1295 1452; baseline -0.004 -14"><span class='ocrx_word' id='word_1_100' title='bbox 185 1377 275 1438; x_wconf 88' lang='lat' dir='ltr'><strong>illum</strong></span> <span class='ocrx_word' id='word_1_101' title='bbox 292 1376 400 1438; x_wconf 84' lang='lat' dir='ltr'><strong>deinde</strong></span> <span class='ocrx_word' id='word_1_102' title='bbox 413 1373 573 1435; x_wconf 70' lang='lat' dir='ltr'><strong>Abala-it</strong></span> <span class='ocrx_word' id='word_1_103' title='bbox 590 1375 677 1435; x_wconf 77' lang='lat' dir='ltr'><strong>Chen</strong></span> <span class='ocrx_word' id='word_1_104' title='bbox 697 1375 834 1436; x_wconf 80' lang='lat' dir='ltr'><strong>Abekam</strong></span> <span class='ocrx_word' id='word_1_105' title='bbox 851 1373 984 1434; x_wconf 87' lang='lat' dir='ltr'><strong>Chanem</strong></span> <span class='ocrx_word' id='word_1_106' title='bbox 1003 1375 1154 1452; x_wconf 87' lang='lat' dir='ltr'><strong>nominat,</strong></span> <span class='ocrx_word' id='word_1_107' title='bbox 1177 1386 1213 1434; x_wconf 91' lang='lat' dir='ltr'><strong>ut</strong></span> <span class='ocrx_word' id='word_1_108' title='bbox 1233 1395 1295 1434; x_wconf 86' lang='lat' dir='ltr'><strong>em-</strong></span> 
     </span>
     <span class='ocr_line' id='line_1_14' title="bbox 185 1455 1295 1544; baseline -0.002 -22"><span class='ocrx_word' id='word_1_109' title='bbox 185 1461 304 1544; x_wconf 81' lang='lat' dir='ltr'><strong>phasim</strong></span> <span class='ocrx_word' id='word_1_110' title='bbox 327 1455 583 1540; x_wconf 75' lang='grc' dir='ltr'>ιιιιιοιρατιριιῆς</span> <span class='ocrx_word' id='word_1_111' title='bbox 606 1459 798 1520; x_wconf 79' lang='lat' dir='ltr'><strong>monarchias</strong></span> <span class='ocrx_word' id='word_1_112' title='bbox 819 1461 851 1520; x_wconf 92' lang='lat' dir='ltr'><strong>in</strong></span> <span class='ocrx_word' id='word_1_113' title='bbox 874 1479 951 1519; x_wconf 85' lang='lat' dir='ltr'><strong>voce</strong></span> <span class='ocrx_word' id='word_1_114' title='bbox 974 1459 1062 1520; x_wconf 83' lang='lat' dir='ltr'><strong>Claun</strong></span> <span class='ocrx_word' id='word_1_115' title='bbox 1085 1481 1147 1520; x_wconf 89' lang='lat' dir='ltr'><strong>non</strong></span> <span class='ocrx_word' id='word_1_116' title='bbox 1171 1459 1295 1520; x_wconf 86' lang='lat' dir='ltr'><strong>dubiam</strong></span> 
     </span>
     <span class='ocr_line' id='line_1_15' title="bbox 187 1545 1295 1627; baseline -0.005 -19"><span class='ocrx_word' id='word_1_117' title='bbox 187 1555 340 1626; x_wconf 83' lang='lat' dir='ltr'><strong>agnoscat.</strong></span> <span class='ocrx_word' id='word_1_118' title='bbox 382 1546 519 1606; x_wconf 85' lang='lat' dir='ltr'><strong>Casauen</strong></span> <span class='ocrx_word' id='word_1_119' title='bbox 541 1545 668 1621; x_wconf 87' lang='lat' dir='ltr'><strong>deinde,</strong></span> <span class='ocrx_word' id='word_1_120' title='bbox 697 1565 784 1623; x_wconf 90' lang='lat' dir='ltr'><strong>quem</strong></span> <span class='ocrx_word' id='word_1_121' title='bbox 802 1545 1001 1626; x_wconf 82' lang='lat' dir='ltr'><strong>Pachymeres</strong></span> <span class='ocrx_word' id='word_1_122' title='bbox 1020 1546 1150 1606; x_wconf 78' lang='lat' dir='ltr'><strong>celebrat</strong></span> <span class='ocrx_word' id='word_1_123' title='bbox 1176 1545 1295 1627; x_wconf 86' lang='lat' dir='ltr'><strong>princi·</strong></span> 
     </span>
     <span class='ocr_line' id='line_1_16' title="bbox 186 1630 1294 1712; baseline -0.002 -21"><span class='ocrx_word' id='word_1_124' title='bbox 186 1652 262 1712; x_wconf 88' lang='lat' dir='ltr'><strong>puna</strong></span> <span class='ocrx_word' id='word_1_125' title='bbox 279 1640 413 1691; x_wconf 85' lang='lat' dir='ltr'><strong>veterum</strong></span> <span class='ocrx_word' id='word_1_126' title='bbox 428 1631 463 1691; x_wconf 89' lang='lat' dir='ltr'><strong>iu</strong></span> <span class='ocrx_word' id='word_1_127' title='bbox 484 1630 589 1709; x_wconf 82' lang='lat' dir='ltr'><strong>paucis</strong></span> <span class='ocrx_word' id='word_1_128' title='bbox 604 1631 768 1691; x_wconf 86' lang='lat' dir='ltr'><strong>illustrium</strong></span> <span class='ocrx_word' id='word_1_129' title='bbox 784 1631 975 1690; x_wconf 88' lang='lat' dir='ltr'><strong>ambitiosum</strong></span> <span class='ocrx_word' id='word_1_130' title='bbox 992 1633 1222 1706; x_wconf 76' lang='lat' dir='ltr'><strong>aemulatorem,</strong></span> <span class='ocrx_word' id='word_1_131' title='bbox 1245 1631 1294 1690; x_wconf 81' lang='lat' dir='ltr'><strong>ia-</strong></span> 
     </span>
     <span class='ocr_line' id='line_1_17' title="bbox 186 1715 1296 1797; baseline -0.003 -20"><span class='ocrx_word' id='word_1_132' title='bbox 186 1716 246 1777; x_wconf 91' lang='lat' dir='ltr'><strong>cila</strong></span> <span class='ocrx_word' id='word_1_133' title='bbox 268 1715 450 1786; x_wconf 50' lang='lat' dir='ltr'><strong>crediderim¹</strong></span> <span class='ocrx_word' id='word_1_134' title='bbox 472 1718 594 1776; x_wconf 79' lang='lat' dir='ltr'><strong>Karanis</strong></span> <span class='ocrx_word' id='word_1_135' title='bbox 614 1716 737 1778; x_wconf 89' lang='lat' dir='ltr'><strong>secundi</strong></span> <span class='ocrx_word' id='word_1_136' title='bbox 753 1737 825 1776; x_wconf 89' lang='lat' dir='ltr'><strong>suae</strong></span> <span class='ocrx_word' id='word_1_137' title='bbox 842 1717 939 1796; x_wconf 87' lang='lat' dir='ltr'><strong>gentis</strong></span> <span class='ocrx_word' id='word_1_138' title='bbox 953 1715 1044 1797; x_wconf 88' lang='lat' dir='ltr'><strong>longe</strong></span> <span class='ocrx_word' id='word_1_139' title='bbox 1057 1717 1214 1778; x_wconf 83' lang='lat' dir='ltr'><strong>clarissimi</strong></span> <span class='ocrx_word' id='word_1_140' title='bbox 1227 1737 1296 1774; x_wconf 89' lang='grc' dir='ltr'>ιιιο-</span> 
     </span>
     <span class='ocr_line' id='line_1_18' title="bbox 187 1801 1294 1884; baseline 0 -24"><span class='ocrx_word' id='word_1_141' title='bbox 187 1801 316 1862; x_wconf 86' lang='lat' dir='ltr'><strong>narchae</strong></span> <span class='ocrx_word' id='word_1_142' title='bbox 338 1820 505 1880; x_wconf 81' lang='lat' dir='ltr'><strong>cognomen</strong></span> <span class='ocrx_word' id='word_1_143' title='bbox 527 1807 628 1884; x_wconf 87' lang='lat' dir='ltr'><strong>potius</strong></span> <span class='ocrx_word' id='word_1_144' title='bbox 645 1813 765 1882; x_wconf 87' lang='lat' dir='ltr'><strong>optasse</strong></span> <span class='ocrx_word' id='word_1_145' title='bbox 780 1822 870 1880; x_wconf 83' lang='lat' dir='ltr'><strong>quam</strong></span> <span class='ocrx_word' id='word_1_146' title='bbox 892 1803 1025 1878; x_wconf 79' lang='lat' dir='ltr'><strong>Chorsia,</strong></span> <span class='ocrx_word' id='word_1_147' title='bbox 1049 1803 1131 1882; x_wconf 89' lang='lat' dir='ltr'><strong>quod</strong></span> <span class='ocrx_word' id='word_1_148' title='bbox 1154 1802 1187 1860; x_wconf 91' lang='lat' dir='ltr'><strong>in</strong></span> <span class='ocrx_word' id='word_1_149' title='bbox 1211 1820 1294 1880; x_wconf 86' lang='lat' dir='ltr'><strong>reges</strong></span> 
     </span>
    </p>

    <p class='ocr_par' dir='ltr' id='par_1_3' title="bbox 170 1887 1295 2054">
     <span class='ocr_line' id='line_1_19' title="bbox 170 1887 1295 1970; baseline -0.002 -22"><span class='ocrx_word' id='word_1_150' title='bbox 170 1903 171 1906; x_wconf 75' lang='grc'>’</span> <span class='ocrx_word' id='word_1_151' title='bbox 188 1907 308 1967; x_wconf 86' lang='lat' dir='ltr'><strong>quoque</strong></span> <span class='ocrx_word' id='word_1_152' title='bbox 319 1906 392 1956; x_wconf 89' lang='lat' dir='ltr'><strong>snae</strong></span> <span class='ocrx_word' id='word_1_153' title='bbox 404 1888 500 1966; x_wconf 89' lang='lat' dir='ltr'><strong>gentis</strong></span> <span class='ocrx_word' id='word_1_154' title='bbox 517 1908 579 1948; x_wconf 89' lang='lat' dir='ltr'><strong>non</strong></span> <span class='ocrx_word' id='word_1_155' title='bbox 592 1887 813 1948; x_wconf 84' lang='lat' dir='ltr'><strong>laudatissimus</strong></span> <span class='ocrx_word' id='word_1_156' title='bbox 826 1890 982 1970; x_wconf 67' lang='lat' dir='ltr'><strong>uulgatum</strong></span> <span class='ocrx_word' id='word_1_157' title='bbox 997 1897 1026 1954; x_wconf 86' lang='lat' dir='ltr'><strong>et</strong></span> <span class='ocrx_word' id='word_1_158' title='bbox 1040 1889 1074 1948; x_wconf 88' lang='lat' dir='ltr'><strong>in</strong></span> <span class='ocrx_word' id='word_1_159' title='bbox 1088 1888 1153 1948; x_wconf 86' lang='lat' dir='ltr'><strong>aliis</strong></span> <span class='ocrx_word' id='word_1_160' title='bbox 1169 1888 1295 1965; x_wconf 88' lang='lat' dir='ltr'><strong>insuper</strong></span> 
     </span>
     <span class='ocr_line' id='line_1_20' title="bbox 187 1972 1295 2072; baseline -0.003 -39"><span class='ocrx_word' id='word_1_161' title='bbox 187 1972 321 2072; x_wconf 89' lang='lat' dir='ltr'><strong>populis</strong></span> <span class='ocrx_word' id='word_1_162' title='bbox 336 1973 482 2032; x_wconf 88' lang='lat' dir='ltr'><strong>usitatum</strong></span> <span class='ocrx_word' id='word_1_163' title='bbox 510 1983 644 2034; x_wconf 85' lang='lat' dir='ltr'><strong>novarat</strong></span> <span class='ocrx_word' id='word_1_164' title='bbox 688 1974 799 2034; x_wconf 88' lang='lat' dir='ltr'><strong>atenim</strong></span> <span class='ocrx_word' id='word_1_165' title='bbox 827 1973 966 2032; x_wconf 78' lang='lat' dir='ltr'><strong>Sinerem</strong></span> <span class='ocrx_word' id='word_1_166' title='bbox 990 1993 1061 2050; x_wconf 79' lang='lat' dir='ltr'><strong>rex,</strong></span> <span class='ocrx_word' id='word_1_167' title='bbox 1090 1991 1179 2052; x_wconf 84' lang='lat' dir='ltr'><strong>quem</strong></span> <span class='ocrx_word' id='word_1_168' title='bbox 1201 1975 1295 2030; x_wconf 80' lang='lat' dir='ltr'><strong>Koara</strong></span> 
     </span>
    </p>

    <p class='ocr_par' dir='ltr' id='par_1_4' title="bbox 81 2057 1296 2396">
     <span class='ocr_line' id='line_1_21' title="bbox 81 2057 1296 2138; baseline -0.005 -18"><span class='ocrx_word' id='word_1_169' title='bbox 81 2073 173 2130; x_wconf 64' lang='lat'><strong>2486</strong></span> <span class='ocrx_word' id='word_1_170' title='bbox 188 2059 265 2120; x_wconf 83' lang='lat' dir='ltr'><strong>vicit</strong></span> <span class='ocrx_word' id='word_1_171' title='bbox 288 2065 320 2118; x_wconf 89' lang='lat' dir='ltr'><strong>st</strong></span> <span class='ocrx_word' id='word_1_172' title='bbox 337 2057 375 2117; x_wconf 83' lang='lat' dir='ltr'><strong>sd</strong></span> <span class='ocrx_word' id='word_1_173' title='bbox 395 2078 498 2118; x_wconf 86' lang='lat' dir='ltr'><strong>necem</strong></span> <span class='ocrx_word' id='word_1_174' title='bbox 513 2060 596 2120; x_wconf 84' lang='lat' dir='ltr'><strong>ultro</strong></span> <span class='ocrx_word' id='word_1_175' title='bbox 611 2059 667 2120; x_wconf 87' lang='lat' dir='ltr'><strong>sibi</strong></span> <span class='ocrx_word' id='word_1_176' title='bbox 683 2059 926 2120; x_wconf 86' lang='lat' dir='ltr'><strong>consciscendum</strong></span> <span class='ocrx_word' id='word_1_177' title='bbox 946 2059 1062 2138; x_wconf 82' lang='lat' dir='ltr'><strong>adegit,</strong></span> <span class='ocrx_word' id='word_1_178' title='bbox 1082 2061 1202 2119; x_wconf 78' lang='lat' dir='ltr'><strong>Altan—</strong></span> <span class='ocrx_word' id='word_1_179' title='bbox 1207 2057 1296 2116; x_wconf 79' lang='lat' dir='ltr'><strong>Chora</strong></span> 
     </span>
     <span class='ocr_line' id='line_1_22' title="bbox 169 2141 1296 2223; baseline -0.004 -16.939"><span class='ocrx_word' id='word_1_180' title='bbox 169 2144 512 2206; x_wconf 85' lang='lat' dir='ltr'><strong>nominatustrsditur.</strong></span> <span class='ocrx_word' id='word_1_181' title='bbox 557 2144 857 2219; x_wconf 85' lang='lat' dir='ltr'><strong>baeccumstaunt</strong></span> <span class='ocrx_word' id='word_1_182' title='bbox 879 2141 1084 2223; x_wconf 86' lang='lat' dir='ltr'><strong>Pscbymeras,</strong></span> <span class='ocrx_word' id='word_1_183' title='bbox 1108 2144 1152 2204; x_wconf 81' lang='lat' dir='ltr'><strong>uti</strong></span> <span class='ocrx_word' id='word_1_184' title='bbox 1165 2142 1296 2202; x_wconf 79' lang='lat' dir='ltr'><strong>etmulti</strong></span> 
     </span>
     <span class='ocr_line' id='line_1_23' title="bbox 187 2228 1296 2312; baseline -0.002 -22"><span class='ocrx_word' id='word_1_185' title='bbox 187 2229 239 2290; x_wconf 87' lang='lat' dir='ltr'><strong>alii</strong></span> <span class='ocrx_word' id='word_1_186' title='bbox 259 2228 439 2312; x_wconf 86' lang='lat' dir='ltr'><strong>scriptores,</strong></span> <span class='ocrx_word' id='word_1_187' title='bbox 463 2249 502 2288; x_wconf 89' lang='lat' dir='ltr'><strong>ex</strong></span> <span class='ocrx_word' id='word_1_188' title='bbox 526 2230 613 2292; x_wconf 78' lang='lat' dir='ltr'><strong>Clson</strong></span> <span class='ocrx_word' id='word_1_189' title='bbox 632 2240 662 2291; x_wconf 84' lang='lat' dir='ltr'><strong>et</strong></span> <span class='ocrx_word' id='word_1_190' title='bbox 679 2235 770 2291; x_wconf 82' lang='lat' dir='ltr'><strong>Kaan</strong></span> <span class='ocrx_word' id='word_1_191' title='bbox 789 2229 909 2289; x_wconf 85' lang='lat' dir='ltr'><strong>unicam</strong></span> <span class='ocrx_word' id='word_1_192' title='bbox 921 2229 1102 2290; x_wconf 85' lang='lat' dir='ltr'><strong>conflarunt</strong></span> <span class='ocrx_word' id='word_1_193' title='bbox 1114 2229 1296 2309; x_wconf 77' lang='lat' dir='ltr'><strong>appellatio·</strong></span> 
     </span>
     <span class='ocr_line' id='line_1_24' title="bbox 187 2315 1295 2396; baseline -0.001 -21"><span class='ocrx_word' id='word_1_194' title='bbox 187 2335 274 2391; x_wconf 88' lang='lat' dir='ltr'><strong>uem,</strong></span> <span class='ocrx_word' id='word_1_195' title='bbox 297 2315 488 2389; x_wconf 86' lang='lat' dir='ltr'><strong>Tatarorum,</strong></span> <span class='ocrx_word' id='word_1_196' title='bbox 511 2325 544 2377; x_wconf 88' lang='lat' dir='ltr'><strong>nt</strong></span> <span class='ocrx_word' id='word_1_197' title='bbox 558 2326 681 2396; x_wconf 92' lang='lat' dir='ltr'><strong>putant</strong></span> <span class='ocrx_word' id='word_1_198' title='bbox 703 2315 885 2396; x_wconf 79' lang='lat' dir='ltr'><strong>peculiarem</strong></span> <span class='ocrx_word' id='word_1_199' title='bbox 900 2335 1091 2396; x_wconf 79' lang='lat' dir='ltr'><strong>principum,</strong></span> <span class='ocrx_word' id='word_1_200' title='bbox 1113 2335 1181 2374; x_wconf 87' lang='lat' dir='ltr'><strong>cum</strong></span> <span class='ocrx_word' id='word_1_201' title='bbox 1195 2324 1295 2374; x_wconf 82' lang='lat' dir='ltr'><strong>tamen</strong></span> 
     </span>
    </p>

    <p class='ocr_par' dir='ltr' id='par_1_5' title="bbox 147 2399 1339 2736">
     <span class='ocr_line' id='line_1_25' title="bbox 147 2399 1295 2480; baseline -0.001 -20"><span class='ocrx_word' id='word_1_202' title='bbox 147 2399 155 2408; x_wconf 60' lang='lat'><strong>⁴</strong></span> <span class='ocrx_word' id='word_1_203' title='bbox 187 2399 245 2474; x_wconf 88' lang='lat' dir='ltr'><strong>sit,</strong></span> <span class='ocrx_word' id='word_1_204' title='bbox 273 2411 340 2460; x_wconf 77' lang='lat' dir='ltr'><strong>meo</strong></span> <span class='ocrx_word' id='word_1_205' title='bbox 368 2400 501 2476; x_wconf 90' lang='lat' dir='ltr'><strong>iudicio,</strong></span> <span class='ocrx_word' id='word_1_206' title='bbox 527 2401 720 2462; x_wconf 84' lang='lat' dir='ltr'><strong>verisimilius</strong></span> <span class='ocrx_word' id='word_1_207' title='bbox 746 2421 853 2462; x_wconf 84' lang='lat' dir='ltr'><strong>vocem</strong></span> <span class='ocrx_word' id='word_1_208' title='bbox 883 2401 1002 2480; x_wconf 86' lang='lat' dir='ltr'><strong>quidem</strong></span> <span class='ocrx_word' id='word_1_209' title='bbox 1027 2403 1117 2460; x_wconf 85' lang='lat' dir='ltr'><strong>Koon</strong></span> <span class='ocrx_word' id='word_1_210' title='bbox 1139 2401 1295 2480; x_wconf 87' lang='lat' dir='ltr'><strong>propriam</strong></span> 
     </span>
     <span class='ocr_line' id='line_1_26' title="bbox 187 2447 1295 2564; baseline -0.001 -20"><span class='ocrx_word' id='word_1_211' title='bbox 187 2483 285 2564; x_wconf 88' lang='lat' dir='ltr'><strong>gentis</strong></span> <span class='ocrx_word' id='word_1_212' title='bbox 305 2484 472 2564; x_wconf 84' lang='lat' dir='ltr'><strong>blogulioae</strong></span> <span class='ocrx_word' id='word_1_213' title='bbox 492 2447 602 2561; x_wconf 77' lang='lat' dir='ltr'><strong>inisse,</strong></span> <span class='ocrx_word' id='word_1_214' title='bbox 627 2486 714 2546; x_wconf 77' lang='lat' dir='ltr'><strong>etan</strong></span> <span class='ocrx_word' id='word_1_215' title='bbox 729 2477 828 2546; x_wconf 79' lang='lat' dir='ltr'><strong>autem</strong></span> <span class='ocrx_word' id='word_1_216' title='bbox 846 2485 1020 2546; x_wconf 87' lang='lat' dir='ltr'><strong>Sinensibus</strong></span> <span class='ocrx_word' id='word_1_217' title='bbox 1034 2485 1139 2546; x_wconf 84' lang='lat' dir='ltr'><strong>saltem</strong></span> <span class='ocrx_word' id='word_1_218' title='bbox 1158 2495 1190 2546; x_wconf 79' lang='lat' dir='ltr'><strong>et</strong></span> <span class='ocrx_word' id='word_1_219' title='bbox 1208 2487 1295 2544; x_wconf 83' lang='lat' dir='ltr'><strong>Prae·</strong></span> 
     </span>
     <span class='ocr_line' id='line_1_27' title="bbox 188 2569 1339 2650; baseline 0.001 -21"><span class='ocrx_word' id='word_1_220' title='bbox 188 2569 444 2645; x_wconf 87' lang='lat' dir='ltr'><strong>steiauuensibus,</strong></span> <span class='ocrx_word' id='word_1_221' title='bbox 474 2569 622 2632; x_wconf 78' lang='lat' dir='ltr'><strong>fortassis</strong></span> <span class='ocrx_word' id='word_1_222' title='bbox 630 2572 720 2632; x_wconf 85' lang='lat' dir='ltr'><strong>etiam</strong></span> <span class='ocrx_word' id='word_1_223' title='bbox 740 2581 769 2632; x_wconf 86' lang='lat' dir='ltr'><strong>et</strong></span> <span class='ocrx_word' id='word_1_224' title='bbox 793 2572 860 2630; x_wconf 85' lang='lat' dir='ltr'><strong>aliia</strong></span> <span class='ocrx_word' id='word_1_225' title='bbox 880 2572 1030 2632; x_wconf 86' lang='lat' dir='ltr'><strong>interioria</strong></span> <span class='ocrx_word' id='word_1_226' title='bbox 1050 2572 1137 2632; x_wconf 80' lang='lat' dir='ltr'><strong>Asiae</strong></span> <span class='ocrx_word' id='word_1_227' title='bbox 1158 2572 1294 2650; x_wconf 85' lang='lat' dir='ltr'><strong>gentium</strong></span> <span class='ocrx_word' id='word_1_228' title='bbox 1334 2599 1339 2608; x_wconf 90' lang='lat'><strong>·</strong></span> 
     </span>
     <span class='ocr_line' id='line_1_28' title="bbox 189 2653 869 2758; baseline 0.003 -44"><span class='ocrx_word' id='word_1_229' title='bbox 189 2653 327 2758; x_wconf 77' lang='lat' dir='ltr'><strong>dynastip</strong></span> <span class='ocrx_word' id='word_1_230' title='bbox 349 2654 441 2716; x_wconf 80' lang='lat' dir='ltr'><strong>tribui</strong></span> <span class='ocrx_word' id='word_1_231' title='bbox 465 2665 620 2736; x_wconf 89' lang='lat' dir='ltr'><strong>praeterea</strong></span> <span class='ocrx_word' id='word_1_232' title='bbox 634 2657 725 2718; x_wconf 84' lang='lat' dir='ltr'><strong>fuisse</strong></span> <span class='ocrx_word' id='word_1_233' title='bbox 739 2657 869 2718; x_wconf 81' lang='lat' dir='ltr'><strong>solitam.</strong></span> 
     </span>
    </p>

    <p class='ocr_par' dir='ltr' id='par_1_6' title="bbox 274 2732 1296 2839">
     <span class='ocr_line' id='line_1_29' title="bbox 274 2732 1296 2839; baseline -0.003 -37"><span class='ocrx_word' id='word_1_234' title='bbox 274 2732 458 2839; x_wconf 75' lang='grc' dir='ltr'>ιιιραβιι</span> <span class='ocrx_word' id='word_1_235' title='bbox 469 2763 499 2822; x_wconf 87' lang='lat' dir='ltr'><strong>p</strong></span> <span class='ocrx_word' id='word_1_236' title='bbox 516 2747 623 2809; x_wconf 83' lang='lat' dir='ltr'><strong>211v</strong></span> <span class='ocrx_word' id='word_1_237' title='bbox 638 2746 689 2808; x_wconf 88' lang='grc'><strong>16.</strong></span> <span class='ocrx_word' id='word_1_238' title='bbox 732 2741 899 2824; x_wconf 74' lang='lat' dir='ltr'><strong>Hesychius</strong></span> <span class='ocrx_word' id='word_1_239' title='bbox 919 2733 1058 2822; x_wconf 69' lang='grc' dir='ltr'><strong><em>κάραβον</em></strong></span> <span class='ocrx_word' id='word_1_240' title='bbox 1081 2739 1296 2802; x_wconf 85' lang='lat' dir='ltr'><strong>ablacedoni-</strong></span> 
     </span>
    </p>

    <p class='ocr_par' dir='ltr' id='par_1_7' title="bbox 180 2819 1299 3164">
     <span class='ocr_line' id='line_1_30' title="bbox 180 2819 1297 2908; baseline 0.001 -24"><span class='ocrx_word' id='word_1_241' title='bbox 180 2825 246 2886; x_wconf 90' lang='lat' dir='ltr'><strong>bus</strong></span> <span class='ocrx_word' id='word_1_242' title='bbox 269 2825 331 2886; x_wconf 93' lang='lat' dir='ltr'><strong>dici</strong></span> <span class='ocrx_word' id='word_1_243' title='bbox 353 2827 395 2888; x_wconf 91' lang='lat' dir='ltr'><strong>ait</strong></span> <span class='ocrx_word' id='word_1_244' title='bbox 415 2819 496 2908; x_wconf 80' lang='grc' dir='ltr'>ιιιιλη</span> <span class='ocrx_word' id='word_1_245' title='bbox 497 2851 526 2891; x_wconf 83' lang='grc' dir='ltr'><strong>ι.</strong></span> <span class='ocrx_word' id='word_1_246' title='bbox 569 2826 644 2886; x_wconf 88' lang='lat' dir='ltr'><strong>baso</strong></span> <span class='ocrx_word' id='word_1_247' title='bbox 669 2826 733 2888; x_wconf 84' lang='lat' dir='ltr'><strong>sola</strong></span> <span class='ocrx_word' id='word_1_248' title='bbox 754 2849 771 2888; x_wconf 90' lang='lat' dir='ltr'><strong>e</strong></span> <span class='ocrx_word' id='word_1_249' title='bbox 792 2829 897 2888; x_wconf 87' lang='lat' dir='ltr'><strong>multis</strong></span> <span class='ocrx_word' id='word_1_250' title='bbox 915 2826 1007 2886; x_wconf 89' lang='lat' dir='ltr'><strong>buius</strong></span> <span class='ocrx_word' id='word_1_251' title='bbox 1026 2827 1109 2886; x_wconf 89' lang='lat' dir='ltr'><strong>vocis</strong></span> <span class='ocrx_word' id='word_1_252' title='bbox 1122 2826 1297 2890; x_wconf 87' lang='lat' dir='ltr'><strong>notionibus</strong></span> 
     </span>
     <span class='ocr_line' id='line_1_31' title="bbox 188 2851 1299 2995; baseline 0 -25"><span class='ocrx_word' id='word_1_253' title='bbox 188 2907 252 2970; x_wconf 87' lang='lat' dir='ltr'><strong>buc</strong></span> <span class='ocrx_word' id='word_1_254' title='bbox 271 2912 417 2990; x_wconf 80' lang='lat' dir='ltr'><strong>quadrat,</strong></span> <span class='ocrx_word' id='word_1_255' title='bbox 439 2851 513 2972; x_wconf 79' lang='lat' dir='ltr'><strong>duin</strong></span> <span class='ocrx_word' id='word_1_256' title='bbox 532 2933 566 2971; x_wconf 88' lang='lat' dir='ltr'><strong>as</strong></span> <span class='ocrx_word' id='word_1_257' title='bbox 587 2935 644 2995; x_wconf 89' lang='lat' dir='ltr'><strong>pro</strong></span> <span class='ocrx_word' id='word_1_258' title='bbox 664 2922 771 2972; x_wconf 85' lang='lat' dir='ltr'><strong>natura</strong></span> <span class='ocrx_word' id='word_1_259' title='bbox 785 2913 934 2974; x_wconf 87' lang='lat' dir='ltr'><strong>subiectae</strong></span> <span class='ocrx_word' id='word_1_260' title='bbox 947 2933 989 2972; x_wconf 84' lang='lat' dir='ltr'><strong>rer</strong></span> <span class='ocrx_word' id='word_1_261' title='bbox 982 2911 1186 2992; x_wconf 88' lang='lat' dir='ltr'><strong>&#39;significatos</strong></span> <span class='ocrx_word' id='word_1_262' title='bbox 1206 2921 1299 2992; x_wconf 86' lang='lat' dir='ltr'><strong>pute-</strong></span> 
     </span>
     <span class='ocr_line' id='line_1_32' title="bbox 188 2995 1297 3075; baseline 0 -20"><span class='ocrx_word' id='word_1_263' title='bbox 188 3015 256 3055; x_wconf 85' lang='lat' dir='ltr'><strong>mus</strong></span> <span class='ocrx_word' id='word_1_264' title='bbox 277 2997 377 3058; x_wconf 83' lang='lat' dir='ltr'><strong>exitua</strong></span> <span class='ocrx_word' id='word_1_265' title='bbox 398 2997 558 3075; x_wconf 85' lang='lat' dir='ltr'><strong>paludis</strong></span> <span class='ocrx_word' id='word_1_266' title='bbox 535 3019 600 3060; x_wconf 87' lang='lat' dir='ltr'><strong>uve</strong></span> <span class='ocrx_word' id='word_1_267' title='bbox 620 2999 737 3059; x_wconf 89' lang='lat' dir='ltr'><strong>canales</strong></span> <span class='ocrx_word' id='word_1_268' title='bbox 751 2999 840 3059; x_wconf 90' lang='lat' dir='ltr'><strong>certis</strong></span> <span class='ocrx_word' id='word_1_269' title='bbox 855 2997 931 3059; x_wconf 86' lang='lat' dir='ltr'><strong>locis</strong></span> <span class='ocrx_word' id='word_1_270' title='bbox 946 2998 1079 3057; x_wconf 81' lang='lat' dir='ltr'><strong>defossos</strong></span> <span class='ocrx_word' id='word_1_271' title='bbox 1094 3007 1124 3056; x_wconf 87' lang='lat' dir='ltr'><strong>et</strong></span> <span class='ocrx_word' id='word_1_272' title='bbox 1137 2997 1212 3057; x_wconf 91' lang='lat' dir='ltr'><strong>binc</strong></span> <span class='ocrx_word' id='word_1_273' title='bbox 1225 2995 1297 3056; x_wconf 89' lang='lat' dir='ltr'><strong>inde</strong></span> 
     </span>
     <span class='ocr_line' id='line_1_33' title="bbox 188 3079 1298 3164; baseline 0 -24"><span class='ocrx_word' id='word_1_274' title='bbox 188 3079 281 3159; x_wconf 86' lang='lat' dir='ltr'><strong>tignis</strong></span> <span class='ocrx_word' id='word_1_275' title='bbox 305 3081 367 3142; x_wconf 88' lang='lat' dir='ltr'><strong>alte</strong></span> <span class='ocrx_word' id='word_1_276' title='bbox 385 3081 455 3143; x_wconf 80' lang='lat' dir='ltr'><strong>lixis</strong></span> <span class='ocrx_word' id='word_1_277' title='bbox 478 3083 612 3144; x_wconf 87' lang='lat' dir='ltr'><strong>munitos</strong></span> <span class='ocrx_word' id='word_1_278' title='bbox 629 3084 669 3142; x_wconf 83' lang='lat' dir='ltr'><strong>sd</strong></span> <span class='ocrx_word' id='word_1_279' title='bbox 689 3105 798 3164; x_wconf 84' lang='lat' dir='ltr'><strong>aquam</strong></span> <span class='ocrx_word' id='word_1_280' title='bbox 812 3083 1031 3144; x_wconf 83' lang='lat' dir='ltr'><strong>corrivandsm</strong></span> <span class='ocrx_word' id='word_1_281' title='bbox 1072 3081 1181 3142; x_wconf 87' lang='lat' dir='ltr'><strong>borum</strong></span> <span class='ocrx_word' id='word_1_282' title='bbox 1196 3081 1298 3162; x_wconf 87' lang='lat' dir='ltr'><strong>capita</strong></span> 
     </span>
    </p>

    <p class='ocr_par' dir='ltr' id='par_1_8' title="bbox 173 3166 1298 3848">
     <span class='ocr_line' id='line_1_34' title="bbox 173 3166 1297 3250; baseline 0 -24"><span class='ocrx_word' id='word_1_283' title='bbox 173 3166 326 3250; x_wconf 31' lang='lat' dir='ltr'><strong>&#39;extantia</strong></span> <span class='ocrx_word' id='word_1_284' title='bbox 353 3167 502 3245; x_wconf 90' lang='lat' dir='ltr'><strong>tignorum</strong></span> <span class='ocrx_word' id='word_1_285' title='bbox 531 3171 663 3250; x_wconf 89' lang='lat' dir='ltr'><strong>primum</strong></span> <span class='ocrx_word' id='word_1_286' title='bbox 688 3169 892 3230; x_wconf 82' lang='lat' dir='ltr'><strong>devinxisse</strong></span> <span class='ocrx_word' id='word_1_287' title='bbox 884 3169 1013 3228; x_wconf 79' lang='lat' dir='ltr'><strong>invicem</strong></span> <span class='ocrx_word' id='word_1_288' title='bbox 1040 3167 1148 3228; x_wconf 72' lang='lat' dir='ltr'><strong>validis</strong></span> <span class='ocrx_word' id='word_1_289' title='bbox 1173 3168 1297 3228; x_wconf 87' lang='lat' dir='ltr'><strong>suuibus</strong></span> 
     </span>
     <span class='ocr_line' id='line_1_35' title="bbox 188 3247 1298 3332; baseline 0 -20"><span class='ocrx_word' id='word_1_290' title='bbox 188 3249 466 3332; x_wconf 87' lang='lat' dir='ltr'><strong>Philantbropeuua</strong></span> <span class='ocrx_word' id='word_1_291' title='bbox 487 3253 538 3314; x_wconf 90' lang='lat' dir='ltr'><strong>hic</strong></span> <span class='ocrx_word' id='word_1_292' title='bbox 561 3265 718 3330; x_wconf 86' lang='lat' dir='ltr'><strong>narratur,</strong></span> <span class='ocrx_word' id='word_1_293' title='bbox 739 3255 870 3316; x_wconf 86' lang='lat' dir='ltr'><strong>deinde&#39;</strong></span> <span class='ocrx_word' id='word_1_294' title='bbox 861 3253 1036 3316; x_wconf 81' lang='lat' dir='ltr'><strong>instravisse</strong></span> <span class='ocrx_word' id='word_1_295' title='bbox 1051 3247 1229 3314; x_wconf 84' lang='lat' dir='ltr'><strong>transversis</strong></span> <span class='ocrx_word' id='word_1_296' title='bbox 1250 3263 1298 3312; x_wconf 82' lang='grc' dir='ltr'><strong>ιι-</strong></span> 
     </span>
     <span class='ocr_line' id='line_1_36' title="bbox 188 3300 1298 3422; baseline 0.003 -27"><span class='ocrx_word' id='word_1_297' title='bbox 188 3335 288 3414; x_wconf 89' lang='lat' dir='ltr'><strong>bulis,</strong></span> <span class='ocrx_word' id='word_1_298' title='bbox 310 3345 376 3398; x_wconf 91' lang='lat' dir='ltr'><strong>tum</strong></span> <span class='ocrx_word' id='word_1_299' title='bbox 392 3337 452 3398; x_wconf 92' lang='lat' dir='ltr'><strong>hoc</strong></span> <span class='ocrx_word' id='word_1_300' title='bbox 471 3340 560 3419; x_wconf 85' lang='lat' dir='ltr'><strong>plano</strong></span> <span class='ocrx_word' id='word_1_301' title='bbox 577 3361 634 3422; x_wconf 89' lang='lat' dir='ltr'><strong>pro</strong></span> <span class='ocrx_word' id='word_1_302' title='bbox 651 3300 745 3400; x_wconf 84' lang='lat' dir='ltr'><strong>sunda</strong></span> <span class='ocrx_word' id='word_1_303' title='bbox 760 3361 833 3400; x_wconf 90' lang='lat' dir='ltr'><strong>usus</strong></span> <span class='ocrx_word' id='word_1_304' title='bbox 849 3339 984 3401; x_wconf 83' lang='lat' dir='ltr'><strong>turribus</strong></span> <span class='ocrx_word' id='word_1_305' title='bbox 1005 3338 1163 3414; x_wconf 89' lang='lat' dir='ltr'><strong>tollendis,</strong></span> <span class='ocrx_word' id='word_1_306' title='bbox 1187 3360 1204 3398; x_wconf 89' lang='lat' dir='ltr'><strong>e</strong></span> <span class='ocrx_word' id='word_1_307' title='bbox 1226 3339 1298 3418; x_wconf 86' lang='lat' dir='ltr'><strong>qui-</strong></span> 
     </span>
     <span class='ocr_line' id='line_1_37' title="bbox 190 3419 1298 3504; baseline 0.004 -22"><span class='ocrx_word' id='word_1_308' title='bbox 190 3421 249 3482; x_wconf 88' lang='lat' dir='ltr'><strong>bus</strong></span> <span class='ocrx_word' id='word_1_309' title='bbox 261 3443 360 3484; x_wconf 88' lang='lat' dir='ltr'><strong>arcem</strong></span> <span class='ocrx_word' id='word_1_310' title='bbox 372 3434 569 3504; x_wconf 82' lang='lat' dir='ltr'><strong>oppugnaret</strong></span> <span class='ocrx_word' id='word_1_311' title='bbox 610 3445 672 3486; x_wconf 90' lang='lat' dir='ltr'><strong>uon</strong></span> <span class='ocrx_word' id='word_1_312' title='bbox 687 3446 732 3486; x_wconf 86' lang='lat' dir='ltr'><strong>nae</strong></span> <span class='ocrx_word' id='word_1_313' title='bbox 747 3426 858 3498; x_wconf 83' lang='lat' dir='ltr'><strong>latebat</strong></span> <span class='ocrx_word' id='word_1_314' title='bbox 879 3446 948 3486; x_wconf 88' lang='lat' dir='ltr'><strong>com</strong></span> <span class='ocrx_word' id='word_1_315' title='bbox 966 3424 1040 3484; x_wconf 87' lang='lat' dir='ltr'><strong>baec</strong></span> <span class='ocrx_word' id='word_1_316' title='bbox 1056 3423 1217 3484; x_wconf 85' lang='lat' dir='ltr'><strong>scriberem</strong></span> <span class='ocrx_word' id='word_1_317' title='bbox 1238 3419 1298 3486; x_wconf 83' lang='grc' dir='ltr'>ιιι-</span> 
     </span>
     <span class='ocr_line' id='line_1_38' title="bbox 190 3507 1298 3677; baseline 0.001 -26"><span class='ocrx_word' id='word_1_318' title='bbox 190 3508 922 3696; x_wconf 48' lang='lat' dir='ltr'><strong>tttttttttttttttltttrtztfff</strong></span> <span class='ocrx_word' id='word_1_319' title='bbox 937 3507 1298 3656; x_wconf 67' lang='lat' dir='ltr'><strong>tlttttt‘ttttt</strong></span> 
     </span>
     <span class='ocr_line' id='line_1_39' title="bbox 190 3678 1299 3757; baseline 0 -19"><span class='ocrx_word' id='word_1_320' title='bbox 190 3697 250 3738; x_wconf 84' lang='lat' dir='ltr'><strong>uus</strong></span> <span class='ocrx_word' id='word_1_321' title='bbox 264 3681 472 3742; x_wconf 84' lang='lat' dir='ltr'><strong>verisimile&#39;</strong></span> <span class='ocrx_word' id='word_1_322' title='bbox 442 3702 540 3742; x_wconf 83' lang='lat' dir='ltr'><strong>visum</strong></span> <span class='ocrx_word' id='word_1_323' title='bbox 560 3691 619 3757; x_wconf 82' lang='lat' dir='ltr'><strong>ast,</strong></span> <span class='ocrx_word' id='word_1_324' title='bbox 650 3681 683 3740; x_wconf 89' lang='lat' dir='ltr'><strong>id</strong></span> <span class='ocrx_word' id='word_1_325' title='bbox 702 3683 884 3742; x_wconf 82' lang='lat' dir='ltr'><strong>vocabulum</strong></span> <span class='ocrx_word' id='word_1_326' title='bbox 908 3681 968 3740; x_wconf 90' lang='lat' dir='ltr'><strong>isto</strong></span> <span class='ocrx_word' id='word_1_327' title='bbox 990 3681 1059 3740; x_wconf 89' lang='lat' dir='ltr'><strong>loco</strong></span> <span class='ocrx_word' id='word_1_328' title='bbox 1080 3701 1096 3738; x_wconf 91' lang='lat' dir='ltr'><strong>a</strong></span> <span class='ocrx_word' id='word_1_329' title='bbox 1119 3689 1225 3740; x_wconf 88' lang='lat' dir='ltr'><strong>nostro</strong></span> <span class='ocrx_word' id='word_1_330' title='bbox 1246 3678 1299 3738; x_wconf 84' lang='lat' dir='ltr'><strong>bi·</strong></span> 
     </span>
     <span class='ocr_line' id='line_1_40' title="bbox 191 3727 1299 3848; baseline 0.002 -26"><span class='ocrx_word' id='word_1_331' title='bbox 191 3762 313 3824; x_wconf 86' lang='lat' dir='ltr'><strong>storico</strong></span> <span class='ocrx_word' id='word_1_332' title='bbox 318 3765 350 3824; x_wconf 89' lang='grc' dir='ltr'><strong>ιιι</strong></span> <span class='ocrx_word' id='word_1_333' title='bbox 365 3763 423 3826; x_wconf 88' lang='lat' dir='ltr'><strong>hac</strong></span> <span class='ocrx_word' id='word_1_334' title='bbox 434 3765 553 3845; x_wconf 86' lang='lat' dir='ltr'><strong>vulgari</strong></span> <span class='ocrx_word' id='word_1_335' title='bbox 566 3727 690 3826; x_wconf 83' lang='grc' dir='ltr'>ιιοιιοιιι</span> <span class='ocrx_word' id='word_1_336' title='bbox 704 3778 891 3848; x_wconf 82' lang='lat' dir='ltr'><strong>usurpatum,</strong></span> <span class='ocrx_word' id='word_1_337' title='bbox 914 3767 997 3845; x_wconf 91' lang='lat' dir='ltr'><strong>quod</strong></span> <span class='ocrx_word' id='word_1_338' title='bbox 1011 3766 1177 3839; x_wconf 84' lang='lat' dir='ltr'><strong>naviculas,</strong></span> <span class='ocrx_word' id='word_1_339' title='bbox 1202 3784 1299 3844; x_wconf 87' lang='lat' dir='ltr'><strong>qusn-</strong></span> 
     </span>
    </p>

    <p class='ocr_par' dir='ltr' id='par_1_9' title="bbox 171 3809 1390 4364">
     <span class='ocr_line' id='line_1_41' title="bbox 171 3809 1390 3930; baseline 0.001 -23"><span class='ocrx_word' id='word_1_340' title='bbox 171 3845 173 3850; x_wconf 74' lang='grc'>’</span> <span class='ocrx_word' id='word_1_341' title='bbox 191 3847 354 3922; x_wconf 83' lang='lat' dir='ltr'><strong>tumlibet</strong></span> <span class='ocrx_word' id='word_1_342' title='bbox 344 3860 424 3912; x_wconf 89' lang='lat' dir='ltr'><strong>anter</strong></span> <span class='ocrx_word' id='word_1_343' title='bbox 436 3872 468 3913; x_wconf 87' lang='lat' dir='ltr'><strong>sa</strong></span> <span class='ocrx_word' id='word_1_344' title='bbox 482 3852 615 3928; x_wconf 82' lang='lat' dir='ltr'><strong>vinctas,</strong></span> <span class='ocrx_word' id='word_1_345' title='bbox 637 3852 806 3912; x_wconf 80' lang='lat' dir='ltr'><strong>innatantes</strong></span> <span class='ocrx_word' id='word_1_346' title='bbox 822 3863 936 3930; x_wconf 88' lang='lat' dir='ltr'><strong>stagno,</strong></span> <span class='ocrx_word' id='word_1_347' title='bbox 959 3871 1066 3930; x_wconf 87' lang='lat' dir='ltr'><strong>parum</strong></span> <span class='ocrx_word' id='word_1_348' title='bbox 1080 3809 1212 3911; x_wconf 81' lang='lat' dir='ltr'><strong>solidiim</strong></span> <span class='ocrx_word' id='word_1_349' title='bbox 1225 3852 1299 3910; x_wconf 85' lang='lat' dir='ltr'><strong>lun·</strong></span> <span class='ocrx_word' id='word_1_350' title='bbox 1388 3919 1390 3922; x_wconf 23' lang='lat'>¹</span> 
     </span>
     <span class='ocr_line' id='line_1_42' title="bbox 193 3931 1300 4018; baseline 0.001 -25"><span class='ocrx_word' id='word_1_351' title='bbox 193 3931 267 3994; x_wconf 90' lang='lat' dir='ltr'><strong>dum</strong></span> <span class='ocrx_word' id='word_1_352' title='bbox 295 3935 506 3998; x_wconf 86' lang='lat' dir='ltr'><strong>existimarem</strong></span> <span class='ocrx_word' id='word_1_353' title='bbox 524 3938 726 4018; x_wconf 83' lang='lat' dir='ltr'><strong>poliorceticis</strong></span> <span class='ocrx_word' id='word_1_354' title='bbox 750 3937 897 3998; x_wconf 88' lang='lat' dir='ltr'><strong>machinis</strong></span> <span class='ocrx_word' id='word_1_355' title='bbox 916 3936 1098 3997; x_wconf 86' lang='lat' dir='ltr'><strong>sustinendis</strong></span> <span class='ocrx_word' id='word_1_356' title='bbox 1105 3945 1229 4017; x_wconf 89' lang='lat' dir='ltr'><strong>,prout</strong></span> <span class='ocrx_word' id='word_1_357' title='bbox 1250 3936 1300 3995; x_wconf 84' lang='lat' dir='ltr'><strong>fa-</strong></span> 
     </span>
     <span class='ocr_line' id='line_1_43' title="bbox 193 4019 1300 4104; baseline 0.006 -27"><span class='ocrx_word' id='word_1_358' title='bbox 193 4028 277 4078; x_wconf 86' lang='lat' dir='ltr'><strong>ctum</strong></span> <span class='ocrx_word' id='word_1_359' title='bbox 289 4019 355 4081; x_wconf 89' lang='lat' dir='ltr'><strong>illio</strong></span> <span class='ocrx_word' id='word_1_360' title='bbox 368 4032 520 4084; x_wconf 78' lang='lat' dir='ltr'><strong>usmetum</strong></span> <span class='ocrx_word' id='word_1_361' title='bbox 538 4023 643 4102; x_wconf 77' lang='lat' dir='ltr'><strong>exigit.</strong></span> <span class='ocrx_word' id='word_1_362' title='bbox 686 4024 757 4104; x_wconf 89' lang='lat' dir='ltr'><strong>quia</strong></span> <span class='ocrx_word' id='word_1_363' title='bbox 769 4033 870 4084; x_wconf 85' lang='lat' dir='ltr'><strong>tamen</strong></span> <span class='ocrx_word' id='word_1_364' title='bbox 882 4022 1020 4104; x_wconf 85' lang='lat' dir='ltr'><strong>exempla</strong></span> <span class='ocrx_word' id='word_1_365' title='bbox 1036 4042 1099 4082; x_wconf 87' lang='lat' dir='ltr'><strong>nou</strong></span> <span class='ocrx_word' id='word_1_366' title='bbox 1115 4022 1224 4082; x_wconf 76' lang='lat' dir='ltr'><strong>desum</strong></span> <span class='ocrx_word' id='word_1_367' title='bbox 1238 4043 1300 4102; x_wconf 73' lang='lat' dir='ltr'><strong>po·</strong></span> 
     </span>
     <span class='ocr_line' id='line_1_44' title="bbox 193 4095 1300 4210; baseline 0.004 -46"><span class='ocrx_word' id='word_1_368' title='bbox 193 4095 313 4181; x_wconf 69' lang='lat' dir='ltr'><strong>esicus,</strong></span> <span class='ocrx_word' id='word_1_369' title='bbox 336 4105 576 4168; x_wconf 73' lang='lat' dir='ltr'><strong>obsidionalium</strong></span> <span class='ocrx_word' id='word_1_370' title='bbox 597 4112 748 4210; x_wconf 79' lang='lat' dir='ltr'><strong>turrium,</strong></span> <span class='ocrx_word' id='word_1_371' title='bbox 770 4119 800 4172; x_wconf 88' lang='lat' dir='ltr'><strong>et</strong></span> <span class='ocrx_word' id='word_1_372' title='bbox 821 4107 1027 4170; x_wconf 86' lang='lat' dir='ltr'><strong>machinarum</strong></span> <span class='ocrx_word' id='word_1_373' title='bbox 1043 4107 1075 4167; x_wconf 91' lang='lat' dir='ltr'><strong>id</strong></span> <span class='ocrx_word' id='word_1_374' title='bbox 1096 4125 1209 4186; x_wconf 86' lang='lat' dir='ltr'><strong>genus,</strong></span> <span class='ocrx_word' id='word_1_375' title='bbox 1231 4105 1300 4168; x_wconf 74' lang='lat' dir='ltr'><strong>tu-</strong></span> 
     </span>
     <span class='ocr_line' id='line_1_45' title="bbox 192 4185 1301 4275; baseline 0 -25"><span class='ocrx_word' id='word_1_376' title='bbox 192 4185 329 4267; x_wconf 76' lang='grc' dir='ltr'><strong><em>πόλεων,</em></strong></span> <span class='ocrx_word' id='word_1_377' title='bbox 351 4192 503 4254; x_wconf 84' lang='lat' dir='ltr'><strong>navibus</strong></span> <span class='ocrx_word' id='word_1_378' title='bbox 494 4194 728 4275; x_wconf 78' lang='lat' dir='ltr'><strong>impositorum</strong></span> <span class='ocrx_word' id='word_1_379' title='bbox 719 4215 751 4254; x_wconf 92' lang='grc' dir='ltr'><strong>ιιι</strong></span> <span class='ocrx_word' id='word_1_380' title='bbox 766 4193 1042 4275; x_wconf 85' lang='lat' dir='ltr'><strong>oppugnationibus</strong></span> <span class='ocrx_word' id='word_1_381' title='bbox 1053 4193 1230 4253; x_wconf 86' lang='lat' dir='ltr'><strong>litteralium</strong></span> <span class='ocrx_word' id='word_1_382' title='bbox 1244 4211 1301 4250; x_wconf 87' lang='grc' dir='ltr'><strong>ιι-</strong></span> 
     </span>
     <span class='ocr_line' id='line_1_46' title="bbox 193 4269 1301 4366; baseline 0.005 -34"><span class='ocrx_word' id='word_1_383' title='bbox 193 4269 292 4350; x_wconf 73' lang='lat' dir='ltr'><strong>cium,</strong></span> <span class='ocrx_word' id='word_1_384' title='bbox 311 4275 338 4338; x_wconf 87' lang='grc' dir='ltr'><strong>ιι</strong></span> <span class='ocrx_word' id='word_1_385' title='bbox 353 4297 403 4338; x_wconf 84' lang='lat' dir='ltr'><strong>cau</strong></span> <span class='ocrx_word' id='word_1_386' title='bbox 395 4277 608 4359; x_wconf 84' lang='lat' dir='ltr'><strong>prudentiori</strong></span> <span class='ocrx_word' id='word_1_387' title='bbox 623 4300 671 4366; x_wconf 83' lang='lat' dir='ltr'><strong>me</strong></span> <span class='ocrx_word' id='word_1_388' title='bbox 677 4281 788 4344; x_wconf 82' lang='grc' dir='ltr'>ιιιιοιι</span> <span class='ocrx_word' id='word_1_389' title='bbox 800 4278 996 4366; x_wconf 76' lang='lat' dir='ltr'><strong>praefueuda</strong></span> <span class='ocrx_word' id='word_1_390' title='bbox 1008 4277 1164 4342; x_wconf 84' lang='lat' dir='ltr'><strong>rideretur</strong></span> <span class='ocrx_word' id='word_1_391' title='bbox 1178 4277 1301 4359; x_wconf 84' lang='lat' dir='ltr'><strong>simpli-</strong></span> 
     </span>
    </p>
   </div>
   <div class='ocr_carea' id='block_1_3' title="bbox 28 4601 207 4778">
    <p class='ocr_par' dir='ltr' id='par_1_10' title="bbox 28 4601 207 4778">
     <span class='ocr_line' id='line_1_47' title="bbox 28 4601 207 4778; baseline -0.006 -100"><span class='ocrx_word' id='word_1_392' title='bbox 28 4601 207 4778; x_wconf 43' lang='grc' dir='ltr'>ὧ</span> 
     </span>
    </p>
   </div>
   <div class='ocr_carea' id='block_1_4' title="bbox 0 0 1401 4792">
    <p class='ocr_par' dir='ltr' id='par_1_11' title="bbox 0 0 1401 4792">
     <span class='ocr_line' id='line_1_48' title="bbox 0 0 1401 4792; baseline 0 0"><span class='ocrx_word' id='word_1_393' title='bbox 0 0 1401 4792; x_wconf 95' lang='lat' dir='ltr'><strong> </strong></span> 
     </span>
    </p>
   </div>
  </div>
 </body>
</html>
