2782 4792
413 293 494 364 uu.
513 291 541 362 l.
587 291 865 364 Grumentum
1115 299 1192 373 705

81 461 135 526 illa
148 459 354 525 'l'och'erornm
370 459 456 542 pa'rte
468 459 592 542 'stirpem
605 458 756 540 trahebs't‚
776 468 814 522 'nt
827 457 930 523 innuit
940 457 1193 546 hbnlpharegius,

83 569 161 630 quae
192 547 338 628 peculiari
369 547 599 624 Megalensium
627 546 831 628 appellatione
858 548 1050 612 noscebatur.
1094 561 1191 622 certe,

81 634 166 716 qnod
179 633 260 694 idem
272 631 468 694 disertissime
482 632 629 710 affirmat,
650 631 868 712 Mognlensiunt
886 635 1033 696 concordi
1044 635 1193 700 electione

82 731 113 782 et
134 720 234 780 deleto
257 717 442 779 unanimiter
464 719 606 796 obsequio
624 717 706 778 idem
727 717 948 798 Gingiachanes
962 721 1090 801 primam
1104 742 1191 783 susus

81 816 133 881 et,
155 813 190 864 ut
211 805 256 865 sic
274 804 389 881 dicam,
412 802 603 884 originariam
615 803 788 884 potentiam
802 805 937 886 aceepit,
965 808 1191 888 transmisitque

81 891 114 951 in
129 899 274 970 posteros.
317 909 379 948 non
393 897 438 949 est
450 889 629 951 incredibile
642 888 792 950 habitasse
804 889 861 950 hos
875 891 1007 971 populos
1020 892 1053 952 in
1066 893 1192 973 regione

83 977 249 1055 antiquitus
262 975 389 1055 Megala
402 984 525 1052 vocata,
543 993 633 1054 quem
649 975 681 1034 in
696 975 868 1035 confinibus
881 975 997 1037 Mediae
1009 997 1108 1059 prope
1116 980 1191 1060 lily.

82 1061 212 1123 meidem
227 1061 357 1120 collocat
372 1060 488 1120 Plinius
511 1061 533 1122 l.
553 1065 574 1126 6
594 1060 660 1124 Net.
677 1059 755 1121 ldist.
778 1061 1102 1143 c.26,uhisuspica1i
1118 1064 1192 1124 licet

83 1147 281 1208 mutationem
298 1146 453 1226 irrepsisse
475 1146 630 1227 aliquam,
662 1145 761 1224 qualis
777 1147 1021 1208 in-trenslstione
1033 1167 1071 1208 ex
1084 1169 1145 1210 una
1158 1150 1191 1210 in
1207 1206 1216 1220 ‚

82 1233 173 1293 aliam
192 1232 326 1310 linguam
351 1231 516 1291 nominum
536 1230 763 1311 peregrinorum
778 1234 849 1292 tere
875 1251 994 1316 semper
1017 1233 1192 1297 intervenit.

83 1317 220 1398 Mogola
232 1331 304 1377 eane
318 1325 369 1376 ant
381 1318 520 1396 Megale
531 1317 627 1376 'facile
641 1335 660 1375 a
679 1315 802 1378 Graecis
824 1316 925 1378 omnin
943 1319 1042 1379 adsui
1060 1320 1190 1399 origines

81 1403 239 1464 idiomatis
252 1400 373 1464 trahere
391 1403 488 1462 solitis
513 1396 562 1482 (ut
582 1401 614 1461 in
634 1405 740 1480 Byrsa
756 1424 813 1484 pro
834 1401 955 1482 Beera,
982 1405 1016 1464 in
1035 1404 1141 1464 Axino
1161 1413 1192 1465 et

82 1490 207 1548 Euxino
224 1505 280 1568 pro
292 1488 444 1565 Ascenee,
467 1497 498 1548 et
513 1487 581 1548 eliis
595 1488 746 1548 sexcentis
760 1485 926 1570 cernimus)
943 1489 976 1549 in
989 1490 1119 1570 Megalo
1133 1511 1191 1570 po·

81 1573 144 1634 tuis
156 1573 332 1649 deformari,
355 1573 439 1653 quod
452 1593 491 1632 ex
504 1571 568 1649 hia,
589 1573 695 1634 utalia
708 1573 866 1654 pleneque,
885 1576 1049 1654 sumpserit
1063 1576 1190 1634 Plinius.

80 1659 222 1738 equidem
248 1659 380 1719 arbitror
403 1658 565 1741 maximum
591 1656 684 1720 hodie
704 1677 741 1718 ac
762 1658 1005 1740 potentissimum
1027 1660 1192 1744 imperium

80 1747 217 1826 Megetis
229 1744 422 1825 superstitem
429 1743 518 1804 istius
526 1744 670 1824 Mogolas
684 1745 915 1824 appellationem
929 1763 1058 1809 servare.
1089 1750 1192 1808 ferunt

81 1831 162 1890 enim
179 1830 259 1890 illud
285 1831 479 1890 eonditums
504 1829 646 1896 Baburxa
676 1829 777 1908 magni
803 1830 987 1892 Temsrlsnis
1013 1841 1191 1913 pronepote.

80 1915 290 1975 Tamerlanem‘
308 1924 408 1974 autern
423 1935 456 1974 se
470 1934 564 1993 genus
580 1936 597 1974 e
613 1913 837 1995 Megulensibue
857 1915 989 1997 antiquis
1001 1917 1192 1998 principibus

55 2071 58 2078 Ι
82 2001 205 2062 duxisse
220 2001 303 2061 haud
318 2019 396 2061 vane
412 1999 581 2078 gloriatum,
595 2001 668 2061 satis
684 2008 729 2060 est
741 2000 914 2062 verisimile.
957 2017 1028 2060 nam
1038 2003 1094 2063 etsi
1106 2001 1191 2062 hune

81 2086 228 2147 vilissimo
250 2105 375 2165 genere,
402 2095 489 2165 petre
509 2085 652 2166 meuse-io
669 2094 775 2144 natum
794 2085 828 2144 in
854 2084 1012 2162 Sogdianis
1035 2088 1191 2149 montibus

80 2172 174 2232 Turei
203 2170 378 2253 praesertim
405 2169 545 2230 historici
578 2169 778 2232 Ottomanioie
812 2170 1004 2253 principibus
1035 2173 1192 2232 adulantes

80 2257 277 2338 scripserint,
300 2256 340 2316 ad
366 2256 569 2316 insumendam
588 2257 651 2318 eius
669 2256 843 2316 memoriam
857 2255 911 2336 qui
923 2257 1091 2317 Baianetem
1109 2257 1191 2340 bello

80 2341 248 2404 victumae
266 2351 389 2423 captum
403 2341 470 2402 dire
485 2351 580 2422 usque
599 2342 638 2402 ad
659 2351 786 2402 mortam
806 2341 942 2402 custodia
960 2339 1122 2420 senuisset,
1142 2352 1193 2402 te·

80 2447 153 2488 men
172 2427 345 2488 Alhacenus
364 2427 477 2502 Arabs,
510 2428 564 2508 qui
588 2427 614 2488 ei
644 2439 744 2488 comes
765 2426 941 2488 individuus
963 2430 1193 2514 expeditionum
1288 2427 1290 2430 ’

81 2513 218 2574 omnium
239 2512 407 2574 adhaesisse
425 2512 539 2574 dicitur
558 2521 589 2574 et
611 2512 680 2574 ideo
699 2513 809 2576 merito
828 2513 964 2575 creditur
975 2535 1024 2577 rea
1041 2516 1105 2574 eins
1118 2531 1193 2596 prae

81 2599 208 2659 caeteris
224 2607 399 2681 perspectas
423 2597 580 2674 habuisse,
606 2600 643 2658 in
664 2598 729 2659 eins
742 2619 831 2678 quam
847 2600 970 2680 scripsit
988 2599 1051 2660 vite
1063 2609 1193 2660 testatur

80 2684 187 2762 illum,
210 2705 281 2745 cum
303 2684 502 2744 inclarescere
520 2684 676 2767 stupendis
697 2684 882 2746 facinoribus
906 2685 987 2745 cirea
1005 2685 1118 2745 Christi
1135 2704 1188 2744 an·
1205 2683 1228 2738 P
1245 2684 1297 2738 498

79 2775 264 2837 num1890
288 2769 402 2851 coepit,
424 2788 489 2830 non
511 2789 550 2830 ex
572 2767 693 2852 privata
718 2779 749 2831 et
773 2769 896 2831 sordida
915 2771 1054 2847 fortune,
1084 2769 1138 2830 aed
1155 2790 1194 2830 ex

81 2858 176 2931 avito,
198 2874 288 2936 quesn
303 2853 505 2916 haereditario
521 2856 759 2931 intumuisset,
780 2855 1001 2916 damerkendae
1017 2856 1194 2937 principatu

80 2941 115 3000 in
130 2961 194 3000 earn
209 2940 375 3000 claritatem
391 2942 561 3002 emersisse:
583 2941 677 3004 fuisse
691 2941 805 3022 quippe
819 2942 907 3000 illum
934 2941 1097 3002 oriundum
1111 2961 1128 3000 e
1141 2961 1192 3000 re·

81 3027 130 3106 gie
154 3027 348 3101 Tetarornm,
377 3023 439 3085 hoc
463 3035 510 3086 est
531 3026 764 3106 blogulensinm‚
797 3027 1011 3107 imperatorum
1035 3027 1191 3105 sanguine.

81 3111 164 3190 quod
183 3110 314 3172 innuens
333 3111 458 3172 Biearus
474 3112 495 3172 1.
513 3114 535 3176 9
554 3114 667 3173 fatetur
688 3133 706 3171 a
730 3111 888 3172 nonnullis
902 3112 933 3171 in
946 3113 1049 3173 literas
1060 3113 1191 3184 relatum

81 3197 174 3257 fuisse
188 3197 394 3258 Temerlenem
411 3196 506 3256 filium
522 3196 599 3276 (hoe
612 3207 659 3257 est
673 3217 769 3258 unum
786 3196 958 3281 eposteris)
972 3199 1071 3276 magni
1086 3196 1193 3260 chami

80 3283 277 3358 Tatarorum3
304 3291 335 3344 et
354 3281 467 3343 diserte
488 3283 664 3342 Alianabius
684 3293 713 3343 et
734 3282 888 3344 hhmedua
910 3281 1048 3345 historici
1068 3283 1192 3358 Arabes,

81 3367 119 3427 ab
132 3367 275 3428 Eduardo
290 3367 440 3428 Poeoelsio
460 3368 576 3428 laudati
595 3369 629 3428 in
650 3368 797 3450 supplem.
819 3368 962 3429 chronici
979 3366 1193 3449 abulpharagii

80 3473 114 3535 p.
140 3454 176 3530 6,
200 3453 445 3514 Temerlaneme
476 3453 681 3532 Gingizchane
708 3455 806 3536 primo
831 3456 951 3536 imperii
972 3441 1193 3532 Mogulenaiurh

60 3539 242 3602 conditore
262 3539 390 3619 stirpem
406 3537 529 3599 duxisse
555 3540 718 3603 affirmant.
762 3560 855 3620 porro
878 3541 965 3616 lieet,
994 3549 1030 3599 ut
1046 3538 1193 3598 Chalcen-

81 3623 157 3686 dilea
170 3626 226 3692 1.ss
248 3635 278 3684 et
295 3625 447 3686 Heroldus
465 3624 498 3683 in
516 3625 745 3686 continuatione
767 3624 845 3686 Belli
865 3626 948 3686 Sacri
969 3625 991 3684 l.
1006 3628 1027 3688 6
1041 3643 1077 3684 c.
1093 3625 1113 3689 5
1129 3623 1194 3681 do-

81 3719 305 3785 centpmortuo
332 3710 508 3772 Tamerlane
525 3712 619 3791 (quod
640 3710 767 3791 contigit
786 3731 866 3770 anno
881 3709 951 3773 Chr.
975 3707 1193 3790 1402'Jvestis-
1274 3729 1278 3744 ›

81 3797 190 3856 simum
204 3796 269 3855 eius
282 3796 442 3874 imperium
461 3795 546 3858 brevi
563 3798 751 3880 discerptum
763 3805 808 3857 est
821 3791 997 3856 infelicitate
1009 3803 1063 3853 aut
1074 3794 1193 3873 impru-

81 3880 184 3940 dentia
199 3897 406 3942 successorum
422 3881 496 3960 eius,
518 3903 557 3942 ex
568 3881 660 3944 huius
674 3894 775 3944 tamen
793 3883 889 3962 stirpe
903 3886 1088 3940 memoretur
1098 3877 1192 3960 paulo

81 3975 151 4026 ante
164 3967 317 4042 habuere,
337 3966 485 4027 Sadruehi
501 3979 553 4029 aut
568 3969 751 4049 Paianguris,
772 3967 905 4027 filiorum
915 3965 1116 4041 Tamerlanis,
1138 3981 1195 4024 ne·-

79 4071 153 4134 pos‚
185 4053 355 4133 dynastiens
375 4051 542 4115 obtinuisse
561 4054 790 4116 haereditariam
812 4054 892 4113 inter
916 4049 1049 4130 Mogoles
1075 4059 1195 4128 gentem

82 4137 255 4217 Scythicam
277 4157 294 4196 a
315 4136 507 4218 chronologia
523 4141 742 4200 recentioribus
756 4139 906 4215 traditur3
928 4136 1060 4215 indeque
1073 4145 1197 4195 eontra·

82 4224 249 4304 etiacopiis
269 4224 387 4284 vicinos
398 4223 533 4304 primum
547 4226 673 4286 Parthos
694 4225 759 4285 aive
777 4225 902 4284 Pstanes
923 4221 1104 4296 debellasse,
1126 4220 1197 4280 telt-

74 4309 226 4388 cibusque
238 4309 311 4369 inde
331 4310 536 4388 progressibus
558 4329 655 4392 usque
669 4311 708 4373 nd
722 4308 969 4376 constituendum
988 4305 1198 4368 transmitten-

123 4401 260 4474 coortas
280 4401 453 4473 Peebpaseres
474 4402 514 4456 ll.
944 4392 987 4460 46
