<?xml version="1.0" encoding="UTF-8"?>
<!DOCTYPE html PUBLIC "-//W3C//DTD XHTML 1.0 Transitional//EN"
    "http://www.w3.org/TR/xhtml1/DTD/xhtml1-transitional.dtd">
<html xmlns="http://www.w3.org/1999/xhtml" xml:lang="en" lang="en">
 <head>
  <title>
</title>
<meta http-equiv="Content-Type" content="text/html;charset=utf-8" />
  <meta name='ocr-system' content='tesseract 3.04.00' />
  <meta name='ocr-capabilities' content='ocr_page ocr_carea ocr_par ocr_line ocrx_word'/>
</head>
<body>
  <div class='ocr_page' id='page_1' title='image "./georgiipachymer00pousgoog_0706.png"; bbox 0 0 2782 4792; ppageno 0'>
   <div class='ocr_carea' id='block_1_1' title="bbox 421 305 1253 385">
    <p class='ocr_par' dir='ltr' id='par_1_1' title="bbox 421 305 1253 385">
     <span class='ocr_line' id='line_1_1' title="bbox 421 305 1253 385; baseline 0 -7"><span class='ocrx_word' id='word_1_1' title='bbox 421 305 507 382; x_wconf 74' lang='grc' dir='ltr'><strong>ΗΒ.</strong></span> <span class='ocrx_word' id='word_1_2' title='bbox 533 307 561 384; x_wconf 86' lang='lat' dir='ltr'><strong>l.</strong></span> <span class='ocrx_word' id='word_1_3' title='bbox 598 335 602 368; x_wconf 79' lang='lat'><em>:</em></span> <span class='ocrx_word' id='word_1_4' title='bbox 615 305 895 379; x_wconf 79' lang='lat' dir='ltr'><strong>otossttttota</strong></span> <span class='ocrx_word' id='word_1_5' title='bbox 1142 310 1217 385; x_wconf 71' lang='lat'><strong>691</strong></span> <span class='ocrx_word' id='word_1_6' title='bbox 1249 371 1253 378; x_wconf 92' lang='lat'><em>.</em></span> 
     </span>
    </p>
   </div>
   <div class='ocr_carea' id='block_1_2' title="bbox 87 467 1338 4396">
    <p class='ocr_par' dir='ltr' id='par_1_2' title="bbox 107 467 1227 2607">
     <span class='ocr_line' id='line_1_2' title="bbox 112 467 1217 557; baseline 0.002 -19"><span class='ocrx_word' id='word_1_7' title='bbox 112 475 178 538; x_wconf 87' lang='lat' dir='ltr'><strong>aior</strong></span> <span class='ocrx_word' id='word_1_8' title='bbox 199 483 231 536; x_wconf 90' lang='lat' dir='ltr'><strong>et</strong></span> <span class='ocrx_word' id='word_1_9' title='bbox 263 473 357 553; x_wconf 88' lang='lat' dir='ltr'><strong>magis</strong></span> <span class='ocrx_word' id='word_1_10' title='bbox 371 467 468 536; x_wconf 63' lang='lat' dir='ltr'><strong>,obvia</strong></span> <span class='ocrx_word' id='word_1_11' title='bbox 483 473 545 536; x_wconf 87' lang='lat' dir='ltr'><strong>loci</strong></span> <span class='ocrx_word' id='word_1_12' title='bbox 563 473 627 536; x_wconf 75' lang='grc' dir='ltr'><strong><em>οἱον</em></strong></span> <span class='ocrx_word' id='word_1_13' title='bbox 646 473 812 556; x_wconf 76' lang='lat' dir='ltr'>expositio,</span> <span class='ocrx_word' id='word_1_14' title='bbox 837 473 1117 557; x_wconf 68' lang='lat' dir='ltr'><strong>interpretationem</strong></span> <span class='ocrx_word' id='word_1_15' title='bbox 1132 475 1217 540; x_wconf 85' lang='lat' dir='ltr'><strong>illam</strong></span> 
     </span>
     <span class='ocr_line' id='line_1_3' title="bbox 110 559 1215 642; baseline -0.002 -20"><span class='ocrx_word' id='word_1_16' title='bbox 110 581 206 622; x_wconf 86' lang='lat' dir='ltr'><strong>meam</strong></span> <span class='ocrx_word' id='word_1_17' title='bbox 228 559 261 620; x_wconf 88' lang='lat' dir='ltr'><strong>in</strong></span> <span class='ocrx_word' id='word_1_18' title='bbox 285 559 371 622; x_wconf 88' lang='lat' dir='ltr'><strong>bunc</strong></span> <span class='ocrx_word' id='word_1_19' title='bbox 393 561 518 620; x_wconf 89' lang='lat' dir='ltr'><strong>modum</strong></span> <span class='ocrx_word' id='word_1_20' title='bbox 539 559 672 622; x_wconf 75' lang='lat' dir='ltr'><strong>relictam</strong></span> <span class='ocrx_word' id='word_1_21' title='bbox 693 559 745 620; x_wconf 83' lang='lat' dir='ltr'><strong>laic</strong></span> <span class='ocrx_word' id='word_1_22' title='bbox 763 559 889 626; x_wconf 85' lang='lat' dir='ltr'><strong>habeat:</strong></span> <span class='ocrx_word' id='word_1_23' title='bbox 909 581 966 642; x_wconf 82' lang='lat' dir='ltr'><strong>pro</strong></span> <span class='ocrx_word' id='word_1_24' title='bbox 988 559 1071 624; x_wconf 86' lang='lat' dir='ltr'><strong>biens</strong></span> <span class='ocrx_word' id='word_1_25' title='bbox 1092 563 1215 626; x_wconf 69' lang='lat' dir='ltr'><strong>Genesis</strong></span> 
     </span>
     <span class='ocr_line' id='line_1_4' title="bbox 109 641 1215 732; baseline 0.004 -24"><span class='ocrx_word' id='word_1_26' title='bbox 109 645 306 727; x_wconf 76' lang='lat' dir='ltr'><strong>Paobymeris</strong></span> <span class='ocrx_word' id='word_1_27' title='bbox 321 643 424 706; x_wconf 82' lang='lat' dir='ltr'><strong>verbis</strong></span> <span class='ocrx_word' id='word_1_28' title='bbox 439 667 468 726; x_wconf 87' lang='lat' dir='ltr'><strong>p.</strong></span> <span class='ocrx_word' id='word_1_29' title='bbox 481 650 542 712; x_wconf 86' lang='lat'><strong>211</strong></span> <span class='ocrx_word' id='word_1_30' title='bbox 558 665 589 706; x_wconf 76' lang='lat' dir='ltr'><strong>v·</strong></span> <span class='ocrx_word' id='word_1_31' title='bbox 606 645 648 710; x_wconf 85' lang='lat'><strong>15</strong></span> <span class='ocrx_word' id='word_1_32' title='bbox 665 641 796 724; x_wconf 76' lang='grc' dir='ltr'><strong><em>ίπισχοίν</em></strong></span> <span class='ocrx_word' id='word_1_33' title='bbox 816 641 889 720; x_wconf 66' lang='lat' dir='ltr'><strong>sain</strong></span> <span class='ocrx_word' id='word_1_34' title='bbox 914 650 971 727; x_wconf 79' lang='grc' dir='ltr'><strong>τῆς</strong></span> <span class='ocrx_word' id='word_1_35' title='bbox 994 647 1103 728; x_wconf 82' lang='grc' dir='ltr'><strong><em>λίμνης</em></strong></span> <span class='ocrx_word' id='word_1_36' title='bbox 1118 646 1215 732; x_wconf 69' lang='lat' dir='ltr'><strong>aopi-¹</strong></span> 
     </span>
     <span class='ocr_line' id='line_1_5' title="bbox 111 725 1218 814; baseline 0.004 -19"><span class='ocrx_word' id='word_1_37' title='bbox 111 735 187 814; x_wconf 85' lang='grc' dir='ltr'><strong><em>βονς</em></strong></span> <span class='ocrx_word' id='word_1_38' title='bbox 209 733 316 794; x_wconf 78' lang='grc' dir='ltr'><strong><em>συνδεῖ</em></strong></span> <span class='ocrx_word' id='word_1_39' title='bbox 338 731 487 811; x_wconf 79' lang='grc' dir='ltr'><strong><em>σχοίνοις,</em></strong></span> <span class='ocrx_word' id='word_1_40' title='bbox 508 729 560 794; x_wconf 78' lang='lat' dir='ltr'><strong>nal</strong></span> <span class='ocrx_word' id='word_1_41' title='bbox 574 725 649 806; x_wconf 80' lang='grc' dir='ltr'><strong><em>ξύλα</em></strong></span> <span class='ocrx_word' id='word_1_42' title='bbox 675 730 798 813; x_wconf 75' lang='grc' dir='ltr'><strong><em>μίγιστα</em></strong></span> <span class='ocrx_word' id='word_1_43' title='bbox 810 729 900 805; x_wconf 82' lang='grc' dir='ltr'><strong><em>ίνιείς</em></strong></span> <span class='ocrx_word' id='word_1_44' title='bbox 914 726 967 794; x_wconf 78' lang='grc' dir='ltr'><strong>ἐπ’</strong></span> <span class='ocrx_word' id='word_1_45' title='bbox 982 729 1107 798; x_wconf 70' lang='grc' dir='ltr'><strong><em>ἐκείνων</em></strong></span> <span class='ocrx_word' id='word_1_46' title='bbox 1126 759 1218 798; x_wconf 81' lang='lat' dir='ltr'><strong>nosa-</strong></span> 
     </span>
     <span class='ocr_line' id='line_1_6' title="bbox 111 810 1226 896; baseline 0 -16"><span class='ocrx_word' id='word_1_47' title='bbox 111 812 286 892; x_wconf 75' lang='grc' dir='ltr'><strong><em>σκενίζετσν</em></strong></span> <span class='ocrx_word' id='word_1_48' title='bbox 296 810 444 896; x_wconf 69' lang='lat' dir='ltr'><strong>piosaco,</strong></span> <span class='ocrx_word' id='word_1_49' title='bbox 465 814 540 876; x_wconf 88' lang='lat' dir='ltr'><strong>baec</strong></span> <span class='ocrx_word' id='word_1_50' title='bbox 554 815 585 876; x_wconf 87' lang='lat' dir='ltr'><strong>in</strong></span> <span class='ocrx_word' id='word_1_51' title='bbox 596 816 697 874; x_wconf 84' lang='lat' dir='ltr'><strong>Latina</strong></span> <span class='ocrx_word' id='word_1_52' title='bbox 713 816 853 878; x_wconf 82' lang='lat' dir='ltr'><strong>versione</strong></span> <span class='ocrx_word' id='word_1_53' title='bbox 865 817 1106 880; x_wconf 75' lang='lat' dir='ltr'><strong>substituantur:</strong></span> <span class='ocrx_word' id='word_1_54' title='bbox 1129 841 1226 886; x_wconf 75' lang='lat' dir='ltr'><strong>atre--</strong></span> 
     </span>
     <span class='ocr_line' id='line_1_7' title="bbox 107 901 1217 986; baseline 0.005 -25"><span class='ocrx_word' id='word_1_55' title='bbox 107 914 196 983; x_wconf 81' lang='lat' dir='ltr'><strong>ptus,</strong></span> <span class='ocrx_word' id='word_1_56' title='bbox 218 923 298 982; x_wconf 81' lang='lat' dir='ltr'><strong>qnae</strong></span> <span class='ocrx_word' id='word_1_57' title='bbox 322 905 355 961; x_wconf 84' lang='lat' dir='ltr'><strong>in</strong></span> <span class='ocrx_word' id='word_1_58' title='bbox 376 913 488 981; x_wconf 80' lang='lat' dir='ltr'><strong>stagno</strong></span> <span class='ocrx_word' id='word_1_59' title='bbox 506 911 743 980; x_wconf 65' lang='lat' dir='ltr'><strong>reputrescunt,</strong></span> <span class='ocrx_word' id='word_1_60' title='bbox 765 901 904 980; x_wconf 83' lang='lat' dir='ltr'><strong>cymbas,</strong></span> <span class='ocrx_word' id='word_1_61' title='bbox 915 902 1055 982; x_wconf 75' lang='lat' dir='ltr'><strong>sonibus</strong></span> <span class='ocrx_word' id='word_1_62' title='bbox 1070 905 1200 986; x_wconf 77' lang='lat' dir='ltr'><strong>colligat</strong></span> <span class='ocrx_word' id='word_1_63' title='bbox 1204 929 1217 983; x_wconf 69' lang='lat'><strong>,⁸</strong></span> 
     </span>
     <span class='ocr_line' id='line_1_8' title="bbox 111 989 1216 1072; baseline 0.004 -25"><span class='ocrx_word' id='word_1_64' title='bbox 111 999 146 1047; x_wconf 81' lang='lat' dir='ltr'><strong>st·</strong></span> <span class='ocrx_word' id='word_1_65' title='bbox 161 989 258 1067; x_wconf 75' lang='lat' dir='ltr'><strong>lignis</strong></span> <span class='ocrx_word' id='word_1_66' title='bbox 280 1008 370 1068; x_wconf 85' lang='lat' dir='ltr'><strong>super</strong></span> <span class='ocrx_word' id='word_1_67' title='bbox 390 1007 443 1046; x_wconf 83' lang='lat' dir='ltr'><strong>eos</strong></span> <span class='ocrx_word' id='word_1_68' title='bbox 462 989 627 1048; x_wconf 69' lang='lat' dir='ltr'><strong>constratis</strong></span> <span class='ocrx_word' id='word_1_69' title='bbox 649 989 813 1061; x_wconf 77' lang='lat' dir='ltr'><strong>maximis,</strong></span> <span class='ocrx_word' id='word_1_70' title='bbox 836 998 934 1046; x_wconf 76' lang='lat' dir='ltr'><strong>turrea</strong></span> <span class='ocrx_word' id='word_1_71' title='bbox 954 991 987 1048; x_wconf 82' lang='lat' dir='ltr'><strong>in</strong></span> <span class='ocrx_word' id='word_1_72' title='bbox 1007 1009 1040 1048; x_wconf 82' lang='lat' dir='ltr'><strong>eo</strong></span> <span class='ocrx_word' id='word_1_73' title='bbox 1061 990 1216 1072; x_wconf 81' lang='lat' dir='ltr'><strong>tabulato,</strong></span> 
     </span>
     <span class='ocr_line' id='line_1_9' title="bbox 111 1070 1217 1152; baseline 0.003 -19"><span class='ocrx_word' id='word_1_74' title='bbox 111 1083 143 1133; x_wconf 84' lang='lat' dir='ltr'><strong>at.</strong></span> <span class='ocrx_word' id='word_1_75' title='bbox 158 1073 321 1132; x_wconf 81' lang='lat' dir='ltr'><strong>machinos</strong></span> <span class='ocrx_word' id='word_1_76' title='bbox 338 1074 498 1134; x_wconf 80' lang='lat' dir='ltr'><strong>construit.</strong></span> <span class='ocrx_word' id='word_1_77' title='bbox 540 1081 632 1152; x_wconf 87' lang='lat' dir='ltr'><strong>etque</strong></span> <span class='ocrx_word' id='word_1_78' title='bbox 655 1070 734 1134; x_wconf 85' lang='lat' dir='ltr'><strong>hano</strong></span> <span class='ocrx_word' id='word_1_79' title='bbox 755 1073 883 1151; x_wconf 88' lang='lat' dir='ltr'><strong>ingenue</strong></span> <span class='ocrx_word' id='word_1_80' title='bbox 905 1073 1017 1150; x_wconf 83' lang='lat' dir='ltr'><strong>fateor,</strong></span> <span class='ocrx_word' id='word_1_81' title='bbox 1030 1131 1033 1138; x_wconf 79' lang='grc'><strong>,</strong></span> <span class='ocrx_word' id='word_1_82' title='bbox 1046 1077 1217 1138; x_wconf 88' lang='lat' dir='ltr'><strong>nnncmihi</strong></span> 
     </span>
     <span class='ocr_line' id='line_1_10' title="bbox 110 1155 1218 1243; baseline 0 -25"><span class='ocrx_word' id='word_1_83' title='bbox 110 1157 351 1220; x_wconf 69' lang='lat' dir='ltr'><strong>verisimiliorem</strong></span> <span class='ocrx_word' id='word_1_84' title='bbox 370 1155 469 1217; x_wconf 86' lang='lat' dir='ltr'><strong>videri</strong></span> <span class='ocrx_word' id='word_1_85' title='bbox 486 1157 688 1234; x_wconf 81' lang='lat' dir='ltr'><strong>sententiam3&#39;</strong></span> <span class='ocrx_word' id='word_1_86' title='bbox 705 1177 746 1218; x_wconf 80' lang='lat' dir='ltr'><strong>aaa</strong></span> <span class='ocrx_word' id='word_1_87' title='bbox 763 1177 798 1217; x_wconf 90' lang='lat' dir='ltr'><strong>eo</strong></span> <span class='ocrx_word' id='word_1_88' title='bbox 817 1156 1087 1238; x_wconf 85' lang='lat' dir='ltr'><strong>praesertimquod</strong></span> <span class='ocrx_word' id='word_1_89' title='bbox 1102 1161 1218 1243; x_wconf 82' lang='lat' dir='ltr'><strong>Pschy.</strong></span> 
     </span>
     <span class='ocr_line' id='line_1_11' title="bbox 110 1236 1218 1324; baseline 0 -18"><span class='ocrx_word' id='word_1_90' title='bbox 110 1265 207 1308; x_wconf 83' lang='lat' dir='ltr'><strong>suares</strong></span> <span class='ocrx_word' id='word_1_91' title='bbox 227 1243 329 1304; x_wconf 86' lang='lat' dir='ltr'><strong>statim</strong></span> <span class='ocrx_word' id='word_1_92' title='bbox 348 1242 440 1302; x_wconf 84' lang='lat' dir='ltr'><strong>addat</strong></span> <span class='ocrx_word' id='word_1_93' title='bbox 458 1239 496 1305; x_wconf 79' lang='grc' dir='ltr'><strong><em>τοί</em></strong></span> <span class='ocrx_word' id='word_1_94' title='bbox 512 1236 542 1306; x_wconf 81' lang='lat' dir='ltr'><strong>tl’</strong></span> <span class='ocrx_word' id='word_1_95' title='bbox 556 1238 631 1306; x_wconf 81' lang='grc' dir='ltr'><strong><em>ίίλλα</em></strong></span> <span class='ocrx_word' id='word_1_96' title='bbox 645 1248 737 1306; x_wconf 82' lang='grc' dir='ltr'><strong><em>πλοῖα</em></strong></span> <span class='ocrx_word' id='word_1_97' title='bbox 751 1236 923 1324; x_wconf 83' lang='grc' dir='ltr'><strong><em>πληροίσσς.</em></strong></span> <span class='ocrx_word' id='word_1_98' title='bbox 952 1243 1010 1303; x_wconf 82' lang='lat' dir='ltr'><strong>iata</strong></span> <span class='ocrx_word' id='word_1_99' title='bbox 1031 1246 1111 1306; x_wconf 88' lang='lat' dir='ltr'><strong>enim</strong></span> <span class='ocrx_word' id='word_1_100' title='bbox 1135 1248 1218 1308; x_wconf 79' lang='lat' dir='ltr'><strong>alio·</strong></span> 
     </span>
     <span class='ocr_line' id='line_1_12' title="bbox 111 1323 1218 1413; baseline 0.004 -24"><span class='ocrx_word' id='word_1_101' title='bbox 111 1351 183 1389; x_wconf 85' lang='lat' dir='ltr'><strong>rum</strong></span> <span class='ocrx_word' id='word_1_102' title='bbox 195 1331 323 1392; x_wconf 79' lang='lat' dir='ltr'><strong>noviom</strong></span> <span class='ocrx_word' id='word_1_103' title='bbox 335 1327 449 1390; x_wconf 86' lang='lat' dir='ltr'><strong>mantio</strong></span> <span class='ocrx_word' id='word_1_104' title='bbox 463 1327 535 1389; x_wconf 86' lang='lat' dir='ltr'><strong>satis</strong></span> <span class='ocrx_word' id='word_1_105' title='bbox 548 1328 679 1404; x_wconf 84' lang='lat' dir='ltr'><strong>indicat,</strong></span> <span class='ocrx_word' id='word_1_106' title='bbox 701 1336 820 1409; x_wconf 87' lang='lat' dir='ltr'><strong>putasae</strong></span> <span class='ocrx_word' id='word_1_107' title='bbox 834 1328 947 1408; x_wconf 88' lang='lat' dir='ltr'><strong>ipsam:</strong></span> <span class='ocrx_word' id='word_1_108' title='bbox 969 1323 1125 1410; x_wconf 71' lang='grc' dir='ltr'><strong><em>καράβους</em></strong></span> <span class='ocrx_word' id='word_1_109' title='bbox 1141 1351 1218 1413; x_wconf 90' lang='lat' dir='ltr'><strong>quo-</strong></span> 
     </span>
     <span class='ocr_line' id='line_1_13' title="bbox 113 1413 1219 1495; baseline 0.005 -21"><span class='ocrx_word' id='word_1_110' title='bbox 113 1434 186 1494; x_wconf 86' lang='lat' dir='ltr'><strong>que,</strong></span> <span class='ocrx_word' id='word_1_111' title='bbox 207 1434 284 1494; x_wconf 86' lang='lat' dir='ltr'><strong>quos</strong></span> <span class='ocrx_word' id='word_1_112' title='bbox 304 1414 398 1495; x_wconf 51' lang='lat' dir='ltr'><strong>paulo¹</strong></span> <span class='ocrx_word' id='word_1_113' title='bbox 413 1422 483 1474; x_wconf 88' lang='lat' dir='ltr'><strong>ants</strong></span> <span class='ocrx_word' id='word_1_114' title='bbox 499 1423 731 1491; x_wconf 85' lang='lat' dir='ltr'><strong>memoraverat,</strong></span> <span class='ocrx_word' id='word_1_115' title='bbox 756 1433 796 1478; x_wconf 79' lang='lat' dir='ltr'><strong>ex</strong></span> <span class='ocrx_word' id='word_1_116' title='bbox 808 1413 913 1476; x_wconf 87' lang='lat' dir='ltr'><strong>eodem</strong></span> <span class='ocrx_word' id='word_1_117' title='bbox 926 1416 1060 1493; x_wconf 78' lang='grc' dir='ltr'><strong><em>πλοίων,</em></strong></span> <span class='ocrx_word' id='word_1_118' title='bbox 1080 1417 1145 1480; x_wconf 84' lang='lat' dir='ltr'><strong>siva</strong></span> <span class='ocrx_word' id='word_1_119' title='bbox 1160 1439 1219 1479; x_wconf 86' lang='lat' dir='ltr'><strong>na-</strong></span> 
     </span>
     <span class='ocr_line' id='line_1_14' title="bbox 112 1500 798 1602; baseline 0.006 -42"><span class='ocrx_word' id='word_1_120' title='bbox 112 1500 264 1580; x_wconf 82' lang='lat' dir='ltr'><strong>vigiorum</strong></span> <span class='ocrx_word' id='word_1_121' title='bbox 278 1518 385 1602; x_wconf 69' lang='lat' dir='ltr'><strong>genera</strong></span> <span class='ocrx_word' id='word_1_122' title='bbox 401 1517 473 1564; x_wconf 77' lang='lat' dir='ltr'><strong>eaeo.</strong></span> <span class='ocrx_word' id='word_1_123' title='bbox 624 1513 625 1516; x_wconf 76' lang='grc'>’</span> <span class='ocrx_word' id='word_1_124' title='bbox 788 1575 798 1601; x_wconf 53' lang='grc' dir='ltr'><strong><em>Ι</em></strong></span> 
     </span>
     <span class='ocr_line' id='line_1_15' title="bbox 113 1580 1221 1751; baseline 0.003 -19"><span class='ocrx_word' id='word_1_125' title='bbox 113 1669 185 1732; x_wconf 82' lang='lat' dir='ltr'><strong>stibi</strong></span> <span class='ocrx_word' id='word_1_126' title='bbox 197 1582 575 1751; x_wconf 52' lang='lat' dir='ltr'><strong>bisbibblobsirbblorbbl</strong></span> <span class='ocrx_word' id='word_1_127' title='bbox 589 1601 817 1749; x_wconf 58' lang='lat' dir='ltr'><strong>posppuppopopp</strong></span> <span class='ocrx_word' id='word_1_128' title='bbox 828 1580 1221 1748; x_wconf 57' lang='lat' dir='ltr'><strong>pppippnppppippnppalpp</strong></span> 
     </span>
     <span class='ocr_line' id='line_1_16' title="bbox 109 1753 1219 1837; baseline 0.004 -21"><span class='ocrx_word' id='word_1_129' title='bbox 109 1754 242 1837; x_wconf 89' lang='lat' dir='ltr'><strong>tapbora</strong></span> <span class='ocrx_word' id='word_1_130' title='bbox 265 1756 409 1816; x_wconf 85' lang='lat' dir='ltr'><strong>nimirum</strong></span> <span class='ocrx_word' id='word_1_131' title='bbox 429 1753 589 1836; x_wconf 86' lang='lat' dir='ltr'><strong>populari,</strong></span> <span class='ocrx_word' id='word_1_132' title='bbox 611 1754 695 1832; x_wconf 88' lang='lat' dir='ltr'><strong>quali</strong></span> <span class='ocrx_word' id='word_1_133' title='bbox 710 1753 801 1832; x_wconf 84' lang='lat' dir='ltr'><strong>vulgo</strong></span> <span class='ocrx_word' id='word_1_134' title='bbox 814 1753 847 1812; x_wconf 90' lang='lat' dir='ltr'><strong>in</strong></span> <span class='ocrx_word' id='word_1_135' title='bbox 862 1755 959 1815; x_wconf 89' lang='lat' dir='ltr'><strong>Gallia</strong></span> <span class='ocrx_word' id='word_1_136' title='bbox 976 1776 1084 1837; x_wconf 82' lang='lat' dir='ltr'><strong>scapus</strong></span> <span class='ocrx_word' id='word_1_137' title='bbox 1097 1756 1219 1820; x_wconf 76' lang='lat' dir='ltr'><strong>chastes</strong></span> 
     </span>
     <span class='ocr_line' id='line_1_17' title="bbox 111 1833 1227 1922; baseline 0.001 -19"><span class='ocrx_word' id='word_1_138' title='bbox 111 1839 317 1906; x_wconf 79' lang='lat' dir='ltr'><strong>vocarieolet</strong></span> <span class='ocrx_word' id='word_1_139' title='bbox 339 1861 400 1900; x_wconf 84' lang='lat' dir='ltr'><strong>nne</strong></span> <span class='ocrx_word' id='word_1_140' title='bbox 420 1843 506 1902; x_wconf 81' lang='lat' dir='ltr'><strong>moin</strong></span> <span class='ocrx_word' id='word_1_141' title='bbox 526 1837 562 1898; x_wconf 86' lang='lat' dir='ltr'><strong>de</strong></span> <span class='ocrx_word' id='word_1_142' title='bbox 580 1841 704 1920; x_wconf 74' lang='lat' dir='ltr'><strong>popter.</strong></span> <span class='ocrx_word' id='word_1_143' title='bbox 746 1846 791 1900; x_wconf 88' lang='lat' dir='ltr'><strong>est</strong></span> <span class='ocrx_word' id='word_1_144' title='bbox 809 1833 929 1922; x_wconf 78' lang='grc' dir='ltr'><strong><em>καρπός</em></strong></span> <span class='ocrx_word' id='word_1_145' title='bbox 947 1840 1089 1903; x_wconf 86' lang='lat' dir='ltr'><strong>iunctura</strong></span> <span class='ocrx_word' id='word_1_146' title='bbox 1103 1843 1227 1904; x_wconf 86' lang='lat' dir='ltr'><strong>brachii</strong></span> 
     </span>
     <span class='ocr_line' id='line_1_18' title="bbox 114 1920 1227 2006; baseline -0.001 -16"><span class='ocrx_word' id='word_1_147' title='bbox 114 1947 183 1990; x_wconf 84' lang='lat' dir='ltr'><strong>oum</strong></span> <span class='ocrx_word' id='word_1_148' title='bbox 205 1945 313 2002; x_wconf 91' lang='lat' dir='ltr'><strong>manu,</strong></span> <span class='ocrx_word' id='word_1_149' title='bbox 335 1920 571 2006; x_wconf 75' lang='grc' dir='ltr'><strong><em>ὄρθρονχειρός</em></strong></span> <span class='ocrx_word' id='word_1_150' title='bbox 595 1923 648 1986; x_wconf 81' lang='lat' dir='ltr'><strong>nal</strong></span> <span class='ocrx_word' id='word_1_151' title='bbox 671 1923 848 2006; x_wconf 76' lang='grc' dir='ltr'><strong><em>βραχίονος,</em></strong></span> <span class='ocrx_word' id='word_1_152' title='bbox 870 1933 904 1984; x_wconf 88' lang='lat' dir='ltr'><strong>at</strong></span> <span class='ocrx_word' id='word_1_153' title='bbox 921 1925 1058 2004; x_wconf 82' lang='lat' dir='ltr'><strong>loquitur</strong></span> <span class='ocrx_word' id='word_1_154' title='bbox 1070 1928 1227 1990; x_wconf 80' lang='lat' dir='ltr'><strong>Aristote-¹</strong></span> 
     </span>
     <span class='ocr_line' id='line_1_19' title="bbox 112 2008 1219 2095; baseline -0.003 -18"><span class='ocrx_word' id='word_1_155' title='bbox 112 2011 159 2078; x_wconf 78' lang='lat' dir='ltr'><strong>lca</strong></span> <span class='ocrx_word' id='word_1_156' title='bbox 176 2016 192 2077; x_wconf 86' lang='lat' dir='ltr'><strong>t</strong></span> <span class='ocrx_word' id='word_1_157' title='bbox 211 2011 249 2072; x_wconf 86' lang='lat' dir='ltr'><strong>de</strong></span> <span class='ocrx_word' id='word_1_158' title='bbox 261 2009 468 2092; x_wconf 65' lang='lat' dir='ltr'><strong>paetanimel.</strong></span> <span class='ocrx_word' id='word_1_159' title='bbox 512 2017 638 2090; x_wconf 85' lang='lat' dir='ltr'><strong>apparet</strong></span> <span class='ocrx_word' id='word_1_160' title='bbox 657 2017 757 2068; x_wconf 87' lang='lat' dir='ltr'><strong>tamen</strong></span> <span class='ocrx_word' id='word_1_161' title='bbox 777 2008 878 2068; x_wconf 86' lang='lat' dir='ltr'><strong>volam</strong></span> <span class='ocrx_word' id='word_1_162' title='bbox 897 2009 995 2092; x_wconf 88' lang='lat' dir='ltr'><strong>ipsam</strong></span> <span class='ocrx_word' id='word_1_163' title='bbox 1016 2031 1069 2074; x_wconf 90' lang='lat' dir='ltr'><strong>eeu</strong></span> <span class='ocrx_word' id='word_1_164' title='bbox 1089 2014 1219 2095; x_wconf 89' lang='lat' dir='ltr'><strong>palmam</strong></span> 
     </span>
     <span class='ocr_line' id='line_1_20' title="bbox 114 2088 1219 2176; baseline 0.003 -19"><span class='ocrx_word' id='word_1_165' title='bbox 114 2106 145 2157; x_wconf 89' lang='lat' dir='ltr'><strong>et</strong></span> <span class='ocrx_word' id='word_1_166' title='bbox 164 2096 292 2157; x_wconf 86' lang='lat' dir='ltr'><strong>madiam</strong></span> <span class='ocrx_word' id='word_1_167' title='bbox 317 2095 473 2176; x_wconf 74' lang='lat' dir='ltr'><strong>planitiem</strong></span> <span class='ocrx_word' id='word_1_168' title='bbox 496 2113 646 2155; x_wconf 74' lang='lat' dir='ltr'><strong>concavae</strong></span> <span class='ocrx_word' id='word_1_169' title='bbox 670 2112 775 2152; x_wconf 85' lang='lat' dir='ltr'><strong>manus</strong></span> <span class='ocrx_word' id='word_1_170' title='bbox 792 2088 913 2174; x_wconf 80' lang='grc' dir='ltr'><strong><em>καρπόν</em></strong></span> <span class='ocrx_word' id='word_1_171' title='bbox 930 2095 1019 2156; x_wconf 87' lang='lat' dir='ltr'><strong>otiam</strong></span> <span class='ocrx_word' id='word_1_172' title='bbox 1036 2097 1106 2159; x_wconf 87' lang='lat' dir='ltr'><strong>dici.</strong></span> <span class='ocrx_word' id='word_1_173' title='bbox 1147 2120 1219 2160; x_wconf 89' lang='lat' dir='ltr'><strong>nam</strong></span> 
     </span>
     <span class='ocr_line' id='line_1_21' title="bbox 112 2178 1220 2259; baseline -0.001 -16"><span class='ocrx_word' id='word_1_174' title='bbox 112 2181 263 2243; x_wconf 84' lang='lat' dir='ltr'><strong>Homerus</strong></span> <span class='ocrx_word' id='word_1_175' title='bbox 275 2181 360 2242; x_wconf 85' lang='lat' dir='ltr'><strong>lliad.</strong></span> <span class='ocrx_word' id='word_1_176' title='bbox 373 2200 392 2244; x_wconf 91' lang='grc' dir='ltr'><strong><em>σ</em></strong></span> <span class='ocrx_word' id='word_1_177' title='bbox 405 2179 529 2240; x_wconf 81' lang='lat' dir='ltr'><strong>choreas</strong></span> <span class='ocrx_word' id='word_1_178' title='bbox 550 2178 720 2239; x_wconf 83' lang='lat' dir='ltr'><strong>describens</strong></span> <span class='ocrx_word' id='word_1_179' title='bbox 737 2178 880 2240; x_wconf 87' lang='lat' dir='ltr'><strong>iuvenum</strong></span> <span class='ocrx_word' id='word_1_180' title='bbox 893 2199 962 2241; x_wconf 88' lang='lat' dir='ltr'><strong>cum</strong></span> <span class='ocrx_word' id='word_1_181' title='bbox 973 2181 1139 2259; x_wconf 83' lang='lat' dir='ltr'><strong>virginibus</strong></span> <span class='ocrx_word' id='word_1_182' title='bbox 1154 2205 1220 2242; x_wconf 92' lang='lat' dir='ltr'><strong>ma-</strong></span> 
     </span>
     <span class='ocr_line' id='line_1_22' title="bbox 113 2263 1222 2352; baseline 0.004 -24"><span class='ocrx_word' id='word_1_183' title='bbox 113 2269 203 2334; x_wconf 85' lang='lat' dir='ltr'><strong>nibus</strong></span> <span class='ocrx_word' id='word_1_184' title='bbox 214 2267 345 2327; x_wconf 84' lang='lat' dir='ltr'><strong>invicem</strong></span> <span class='ocrx_word' id='word_1_185' title='bbox 359 2265 504 2326; x_wconf 85' lang='lat' dir='ltr'><strong>consertis</strong></span> <span class='ocrx_word' id='word_1_186' title='bbox 516 2264 704 2338; x_wconf 82' lang='lat' dir='ltr'><strong>saltantium,</strong></span> <span class='ocrx_word' id='word_1_187' title='bbox 720 2263 775 2324; x_wconf 90' lang='lat' dir='ltr'><strong>tali</strong></span> <span class='ocrx_word' id='word_1_188' title='bbox 789 2264 910 2330; x_wconf 85' lang='lat' dir='ltr'><strong>videtur</strong></span> <span class='ocrx_word' id='word_1_189' title='bbox 921 2265 1093 2346; x_wconf 86' lang='lat' dir='ltr'><strong>significatu</strong></span> <span class='ocrx_word' id='word_1_190' title='bbox 1105 2263 1222 2352; x_wconf 79' lang='grc' dir='ltr'><strong><em>καρπόν</em></strong></span> 
     </span>
     <span class='ocr_line' id='line_1_23' title="bbox 113 2351 632 2436; baseline -0.012 -20"><span class='ocrx_word' id='word_1_191' title='bbox 113 2372 276 2436; x_wconf 81' lang='lat' dir='ltr'><strong>usurpare,</strong></span> <span class='ocrx_word' id='word_1_192' title='bbox 298 2351 370 2414; x_wconf 85' lang='lat' dir='ltr'><strong>dum</strong></span> <span class='ocrx_word' id='word_1_193' title='bbox 386 2351 493 2412; x_wconf 86' lang='lat' dir='ltr'><strong>scribit</strong></span> <span class='ocrx_word' id='word_1_194' title='bbox 629 2415 632 2422; x_wconf 14' lang='grc' dir='ltr'><strong><em>Δ</em></strong></span> 
     </span>
     <span class='ocr_line' id='line_1_24' title="bbox 260 2426 1013 2520; baseline -0.005 -16"><span class='ocrx_word' id='word_1_195' title='bbox 260 2436 358 2504; x_wconf 73' lang='grc' dir='ltr'><strong><em>,ἔνθα</em></strong></span> <span class='ocrx_word' id='word_1_196' title='bbox 379 2433 434 2516; x_wconf 75' lang='grc' dir='ltr'><strong><em>μὲν</em></strong></span> <span class='ocrx_word' id='word_1_197' title='bbox 454 2430 560 2511; x_wconf 69' lang='grc' dir='ltr'><strong><em>ἠίθεοι</em></strong></span> <span class='ocrx_word' id='word_1_198' title='bbox 580 2432 631 2502; x_wconf 76' lang='grc' dir='ltr'><strong>καί</strong></span> <span class='ocrx_word' id='word_1_199' title='bbox 650 2433 801 2519; x_wconf 64' lang='lat' dir='ltr'><strong>sapenos</strong></span> <span class='ocrx_word' id='word_1_200' title='bbox 819 2426 1013 2520; x_wconf 77' lang='grc' dir='ltr'><strong><em>ἆλφσσίβοιοο</em></strong></span> 
     </span>
     <span class='ocr_line' id='line_1_25' title="bbox 281 2515 1064 2607; baseline -0.004 -21"><span class='ocrx_word' id='word_1_201' title='bbox 281 2516 439 2604; x_wconf 71' lang='grc' dir='ltr'><strong><em>ὀρχεῦντ’,</em></strong></span> <span class='ocrx_word' id='word_1_202' title='bbox 462 2515 600 2603; x_wconf 65' lang='grc' dir='ltr'><strong><em>ἀλλήλων</em></strong></span> <span class='ocrx_word' id='word_1_203' title='bbox 620 2519 669 2585; x_wconf 80' lang='lat' dir='ltr'><strong>tst</strong></span> <span class='ocrx_word' id='word_1_204' title='bbox 691 2525 799 2607; x_wconf 75' lang='grc' dir='ltr'><strong><em>καρπῷ</em></strong></span> <span class='ocrx_word' id='word_1_205' title='bbox 818 2527 918 2602; x_wconf 75' lang='grc' dir='ltr'><strong><em>χεῖρας</em></strong></span> <span class='ocrx_word' id='word_1_206' title='bbox 939 2523 1064 2604; x_wconf 69' lang='grc' dir='ltr'><strong><em>ἔχοντες.</em></strong></span> 
     </span>
    </p>

    <p class='ocr_par' dir='ltr' id='par_1_3' title="bbox 114 2605 1231 3969">
     <span class='ocr_line' id='line_1_26' title="bbox 115 2605 1221 2687; baseline 0.003 -20"><span class='ocrx_word' id='word_1_207' title='bbox 115 2607 143 2667; x_wconf 93' lang='lat' dir='ltr'><strong>ei</strong></span> <span class='ocrx_word' id='word_1_208' title='bbox 161 2606 241 2670; x_wconf 87' lang='lat' dir='ltr'><strong>enim</strong></span> <span class='ocrx_word' id='word_1_209' title='bbox 258 2607 335 2668; x_wconf 86' lang='lat' dir='ltr'><strong>alter</strong></span> <span class='ocrx_word' id='word_1_210' title='bbox 347 2605 518 2670; x_wconf 66' lang='lat' dir='ltr'><strong>in&#39;sltsrius</strong></span> <span class='ocrx_word' id='word_1_211' title='bbox 536 2625 628 2687; x_wconf 85' lang='lat' dir='ltr'><strong>carpo</strong></span> <span class='ocrx_word' id='word_1_212' title='bbox 642 2627 765 2666; x_wconf 88' lang='lat' dir='ltr'><strong>manum</strong></span> <span class='ocrx_word' id='word_1_213' title='bbox 782 2605 926 2686; x_wconf 86' lang='lat' dir='ltr'><strong>babebat,</strong></span> <span class='ocrx_word' id='word_1_214' title='bbox 946 2618 983 2672; x_wconf 88' lang='lat' dir='ltr'><strong>ut</strong></span> <span class='ocrx_word' id='word_1_215' title='bbox 995 2611 1052 2684; x_wconf 90' lang='lat' dir='ltr'><strong>ait,</strong></span> <span class='ocrx_word' id='word_1_216' title='bbox 1074 2627 1137 2668; x_wconf 87' lang='lat' dir='ltr'><strong>uon</strong></span> <span class='ocrx_word' id='word_1_217' title='bbox 1152 2609 1221 2670; x_wconf 86' lang='lat' dir='ltr'><strong>uti-</strong></span> 
     </span>
     <span class='ocr_line' id='line_1_27' title="bbox 116 2692 1223 2774; baseline 0 -21"><span class='ocrx_word' id='word_1_218' title='bbox 116 2713 176 2773; x_wconf 88' lang='lat' dir='ltr'><strong>que</strong></span> <span class='ocrx_word' id='word_1_219' title='bbox 194 2693 313 2754; x_wconf 85' lang='lat' dir='ltr'><strong>brachii</strong></span> <span class='ocrx_word' id='word_1_220' title='bbox 328 2693 498 2754; x_wconf 82' lang='lat' dir='ltr'><strong>iuncturam</strong></span> <span class='ocrx_word' id='word_1_221' title='bbox 514 2692 744 2773; x_wconf 83' lang='lat' dir='ltr'><strong>carpumdicit,</strong></span> <span class='ocrx_word' id='word_1_222' title='bbox 767 2692 818 2752; x_wconf 89' lang='lat' dir='ltr'><strong>sed</strong></span> <span class='ocrx_word' id='word_1_223' title='bbox 834 2693 964 2774; x_wconf 88' lang='lat' dir='ltr'><strong>palmam</strong></span> <span class='ocrx_word' id='word_1_224' title='bbox 980 2693 1139 2772; x_wconf 74' lang='lat' dir='ltr'><strong>strelam,</strong></span> <span class='ocrx_word' id='word_1_225' title='bbox 1161 2714 1223 2772; x_wconf 84' lang='lat' dir='ltr'><strong>qua</strong></span> 
     </span>
     <span class='ocr_line' id='line_1_28' title="bbox 114 2776 1223 2858; baseline 0.003 -20"><span class='ocrx_word' id='word_1_226' title='bbox 114 2779 211 2846; x_wconf 85' lang='lat' dir='ltr'><strong>teneri</strong></span> <span class='ocrx_word' id='word_1_227' title='bbox 225 2789 254 2838; x_wconf 89' lang='lat' dir='ltr'><strong>et</strong></span> <span class='ocrx_word' id='word_1_228' title='bbox 267 2778 374 2858; x_wconf 85' lang='lat' dir='ltr'><strong>stringi</strong></span> <span class='ocrx_word' id='word_1_229' title='bbox 390 2777 467 2838; x_wconf 86' lang='lat' dir='ltr'><strong>solet</strong></span> <span class='ocrx_word' id='word_1_230' title='bbox 481 2797 587 2837; x_wconf 87' lang='lat' dir='ltr'><strong>manus</strong></span> <span class='ocrx_word' id='word_1_231' title='bbox 601 2797 634 2838; x_wconf 90' lang='lat' dir='ltr'><strong>se</strong></span> <span class='ocrx_word' id='word_1_232' title='bbox 648 2776 781 2838; x_wconf 82' lang='lat' dir='ltr'><strong>invicem</strong></span> <span class='ocrx_word' id='word_1_233' title='bbox 796 2779 932 2839; x_wconf 88' lang='lat' dir='ltr'><strong>saltando</strong></span> <span class='ocrx_word' id='word_1_234' title='bbox 946 2777 1137 2839; x_wconf 86' lang='lat' dir='ltr'><strong>trahentium.</strong></span> <span class='ocrx_word' id='word_1_235' title='bbox 1168 2779 1223 2842; x_wconf 89' lang='lat' dir='ltr'><strong>ha·</strong></span> 
     </span>
     <span class='ocr_line' id='line_1_29' title="bbox 115 2863 1231 2944; baseline -0.002 -18"><span class='ocrx_word' id='word_1_236' title='bbox 115 2863 167 2926; x_wconf 90' lang='lat' dir='ltr'><strong>bet</strong></span> <span class='ocrx_word' id='word_1_237' title='bbox 187 2873 284 2926; x_wconf 86' lang='lat' dir='ltr'><strong>antem</strong></span> <span class='ocrx_word' id='word_1_238' title='bbox 307 2863 456 2944; x_wconf 88' lang='lat' dir='ltr'><strong>quandam</strong></span> <span class='ocrx_word' id='word_1_239' title='bbox 483 2863 613 2944; x_wconf 86' lang='lat' dir='ltr'><strong>speciem</strong></span> <span class='ocrx_word' id='word_1_240' title='bbox 635 2863 721 2922; x_wconf 88' lang='lat' dir='ltr'><strong>volae</strong></span> <span class='ocrx_word' id='word_1_241' title='bbox 741 2873 879 2924; x_wconf 82' lang='lat' dir='ltr'><strong>extensae</strong></span> <span class='ocrx_word' id='word_1_242' title='bbox 901 2863 1025 2944; x_wconf 86' lang='lat' dir='ltr'><strong>pagina,</strong></span> <span class='ocrx_word' id='word_1_243' title='bbox 1053 2871 1089 2923; x_wconf 88' lang='lat' dir='ltr'><strong>ut</strong></span> <span class='ocrx_word' id='word_1_244' title='bbox 1109 2863 1231 2924; x_wconf 78' lang='lat' dir='ltr'><strong>fonds-t</strong></span> 
     </span>
     <span class='ocr_line' id='line_1_30' title="bbox 115 2947 1222 3028; baseline 0.003 -21"><span class='ocrx_word' id='word_1_245' title='bbox 115 2959 249 3010; x_wconf 86' lang='lat' dir='ltr'><strong>mentum</strong></span> <span class='ocrx_word' id='word_1_246' title='bbox 274 2948 479 3010; x_wconf 82' lang='lat' dir='ltr'><strong>translationis</strong></span> <span class='ocrx_word' id='word_1_247' title='bbox 501 2969 563 3008; x_wconf 85' lang='lat' dir='ltr'><strong>non</strong></span> <span class='ocrx_word' id='word_1_248' title='bbox 582 2947 676 3023; x_wconf 88' lang='lat' dir='ltr'><strong>desit,</strong></span> <span class='ocrx_word' id='word_1_249' title='bbox 702 2947 827 3007; x_wconf 84' lang='lat' dir='ltr'><strong>usitatae</strong></span> <span class='ocrx_word' id='word_1_250' title='bbox 843 2957 916 3008; x_wconf 89' lang='lat' dir='ltr'><strong>tunc</strong></span> <span class='ocrx_word' id='word_1_251' title='bbox 931 2951 1010 3009; x_wconf 83' lang='lat' dir='ltr'><strong>sorta</strong></span> <span class='ocrx_word' id='word_1_252' title='bbox 1022 2947 1138 3028; x_wconf 83' lang='lat' dir='ltr'><strong>vulgari</strong></span> <span class='ocrx_word' id='word_1_253' title='bbox 1151 2968 1222 3010; x_wconf 87' lang='lat' dir='ltr'><strong>ser-</strong></span> 
     </span>
     <span class='ocr_line' id='line_1_31' title="bbox 115 3029 1223 3114; baseline 0.002 -20"><span class='ocrx_word' id='word_1_254' title='bbox 115 3053 216 3105; x_wconf 89' lang='lat' dir='ltr'><strong>mone,</strong></span> <span class='ocrx_word' id='word_1_255' title='bbox 238 3035 294 3094; x_wconf 89' lang='lat' dir='ltr'><strong>etsi</strong></span> <span class='ocrx_word' id='word_1_256' title='bbox 305 3035 404 3094; x_wconf 87' lang='lat' dir='ltr'><strong>rarius</strong></span> <span class='ocrx_word' id='word_1_257' title='bbox 416 3035 447 3092; x_wconf 91' lang='lat' dir='ltr'><strong>in</strong></span> <span class='ocrx_word' id='word_1_258' title='bbox 461 3033 546 3096; x_wconf 85' lang='lat' dir='ltr'><strong>libris</strong></span> <span class='ocrx_word' id='word_1_259' title='bbox 562 3033 737 3113; x_wconf 86' lang='lat' dir='ltr'><strong>reperiatur.</strong></span> <span class='ocrx_word' id='word_1_260' title='bbox 780 3033 940 3112; x_wconf 86' lang='lat' dir='ltr'><strong>aliqnando</strong></span> <span class='ocrx_word' id='word_1_261' title='bbox 956 3043 1094 3114; x_wconf 87' lang='lat' dir='ltr'><strong>putaram</strong></span> <span class='ocrx_word' id='word_1_262' title='bbox 1107 3029 1223 3114; x_wconf 78' lang='grc' dir='ltr'><strong><em>καρπόν</em></strong></span> 
     </span>
     <span class='ocr_line' id='line_1_32' title="bbox 115 3117 1222 3200; baseline -0.002 -20"><span class='ocrx_word' id='word_1_263' title='bbox 115 3117 167 3180; x_wconf 90' lang='lat' dir='ltr'><strong>bic</strong></span> <span class='ocrx_word' id='word_1_264' title='bbox 182 3119 270 3180; x_wconf 87' lang='lat' dir='ltr'><strong>reddi</strong></span> <span class='ocrx_word' id='word_1_265' title='bbox 283 3140 370 3200; x_wconf 88' lang='lat' dir='ltr'><strong>posse</strong></span> <span class='ocrx_word' id='word_1_266' title='bbox 385 3119 555 3178; x_wconf 70' lang='lat' dir='ltr'><strong>coticulam</strong></span> <span class='ocrx_word' id='word_1_267' title='bbox 566 3118 814 3198; x_wconf 83' lang='lat' dir='ltr'><strong>autcapa&#39;tnlnm,</strong></span> <span class='ocrx_word' id='word_1_268' title='bbox 830 3138 945 3178; x_wconf 83' lang='lat' dir='ltr'><strong>comens</strong></span> <span class='ocrx_word' id='word_1_269' title='bbox 961 3119 1077 3180; x_wconf 85' lang='lat' dir='ltr'><strong>scilicet</strong></span> <span class='ocrx_word' id='word_1_270' title='bbox 1089 3121 1222 3199; x_wconf 86' lang='lat' dir='ltr'><strong>primum</strong></span> 
     </span>
     <span class='ocr_line' id='line_1_33' title="bbox 116 3203 1224 3284; baseline 0 -20"><span class='ocrx_word' id='word_1_271' title='bbox 116 3204 150 3264; x_wconf 89' lang='lat' dir='ltr'><strong>in</strong></span> <span class='ocrx_word' id='word_1_272' title='bbox 166 3205 271 3265; x_wconf 88' lang='lat' dir='ltr'><strong>oculos</strong></span> <span class='ocrx_word' id='word_1_273' title='bbox 291 3206 450 3264; x_wconf 89' lang='lat' dir='ltr'><strong>incurrens</strong></span> <span class='ocrx_word' id='word_1_274' title='bbox 470 3203 549 3264; x_wconf 82' lang='lat' dir='ltr'><strong>libro</strong></span> <span class='ocrx_word' id='word_1_275' title='bbox 570 3213 691 3284; x_wconf 86' lang='lat' dir='ltr'><strong>aperto,</strong></span> <span class='ocrx_word' id='word_1_276' title='bbox 710 3203 792 3281; x_wconf 80' lang='lat' dir='ltr'><strong>quosl</strong></span> <span class='ocrx_word' id='word_1_277' title='bbox 818 3213 919 3283; x_wconf 85' lang='lat' dir='ltr'><strong>potest</strong></span> <span class='ocrx_word' id='word_1_278' title='bbox 938 3205 1091 3266; x_wconf 87' lang='lat' dir='ltr'><strong>interdum</strong></span> <span class='ocrx_word' id='word_1_279' title='bbox 1105 3225 1169 3270; x_wconf 77' lang='lat' dir='ltr'><strong>csse</strong></span> <span class='ocrx_word' id='word_1_280' title='bbox 1183 3223 1224 3265; x_wconf 82' lang='lat' dir='ltr'><strong>ax</strong></span> 
     </span>
     <span class='ocr_line' id='line_1_34' title="bbox 116 3287 1224 3370; baseline 0.002 -20"><span class='ocrx_word' id='word_1_281' title='bbox 116 3291 214 3356; x_wconf 81' lang='lat' dir='ltr'><strong>media</strong></span> <span class='ocrx_word' id='word_1_282' title='bbox 228 3298 281 3350; x_wconf 87' lang='lat' dir='ltr'><strong>aut</strong></span> <span class='ocrx_word' id='word_1_283' title='bbox 293 3289 395 3350; x_wconf 87' lang='lat' dir='ltr'><strong>infima</strong></span> <span class='ocrx_word' id='word_1_284' title='bbox 408 3287 526 3370; x_wconf 85' lang='lat' dir='ltr'><strong>pagine.</strong></span> <span class='ocrx_word' id='word_1_285' title='bbox 568 3288 666 3348; x_wconf 75' lang='lat' dir='ltr'><strong>estid</strong></span> <span class='ocrx_word' id='word_1_286' title='bbox 679 3287 739 3348; x_wconf 84' lang='lat' dir='ltr'><strong>dici</strong></span> <span class='ocrx_word' id='word_1_287' title='bbox 753 3290 858 3366; x_wconf 88' lang='lat' dir='ltr'><strong>nequit</strong></span> <span class='ocrx_word' id='word_1_288' title='bbox 868 3288 928 3350; x_wconf 89' lang='lat' dir='ltr'><strong>hoc</strong></span> <span class='ocrx_word' id='word_1_289' title='bbox 938 3291 1018 3352; x_wconf 87' lang='lat' dir='ltr'><strong>loco.</strong></span> <span class='ocrx_word' id='word_1_290' title='bbox 1040 3349 1042 3354; x_wconf 87' lang='grc'>,</span> <span class='ocrx_word' id='word_1_291' title='bbox 1061 3291 1133 3352; x_wconf 85' lang='lat' dir='ltr'><strong>satis</strong></span> <span class='ocrx_word' id='word_1_292' title='bbox 1144 3290 1224 3352; x_wconf 85' lang='lat' dir='ltr'><strong>anim</strong></span> 
     </span>
     <span class='ocr_line' id='line_1_35' title="bbox 116 3374 1224 3454; baseline -0.005 -18"><span class='ocrx_word' id='word_1_293' title='bbox 116 3386 220 3437; x_wconf 80' lang='lat' dir='ltr'><strong>noster</strong></span> <span class='ocrx_word' id='word_1_294' title='bbox 234 3374 348 3436; x_wconf 89' lang='lat' dir='ltr'><strong>indicat</strong></span> <span class='ocrx_word' id='word_1_295' title='bbox 363 3395 450 3454; x_wconf 86' lang='lat' dir='ltr'><strong>omen</strong></span> <span class='ocrx_word' id='word_1_296' title='bbox 467 3375 504 3434; x_wconf 88' lang='lat' dir='ltr'><strong>de</strong></span> <span class='ocrx_word' id='word_1_297' title='bbox 521 3393 580 3453; x_wconf 89' lang='lat' dir='ltr'><strong>quo</strong></span> <span class='ocrx_word' id='word_1_298' title='bbox 595 3374 669 3452; x_wconf 87' lang='lat' dir='ltr'><strong>agit,</strong></span> <span class='ocrx_word' id='word_1_299' title='bbox 691 3375 806 3453; x_wconf 86' lang='lat' dir='ltr'><strong>captari</strong></span> <span class='ocrx_word' id='word_1_300' title='bbox 821 3374 942 3436; x_wconf 89' lang='lat' dir='ltr'><strong>solitum</strong></span> <span class='ocrx_word' id='word_1_301' title='bbox 957 3396 994 3437; x_wconf 87' lang='lat' dir='ltr'><strong>ex</strong></span> <span class='ocrx_word' id='word_1_302' title='bbox 1007 3376 1106 3435; x_wconf 87' lang='lat' dir='ltr'><strong>verbis</strong></span> <span class='ocrx_word' id='word_1_303' title='bbox 1121 3376 1153 3432; x_wconf 91' lang='lat' dir='ltr'><strong>in</strong></span> <span class='ocrx_word' id='word_1_304' title='bbox 1169 3394 1224 3432; x_wconf 90' lang='lat' dir='ltr'><strong>ca-</strong></span> 
     </span>
     <span class='ocr_line' id='line_1_36' title="bbox 115 3458 1228 3542; baseline -0.002 -22"><span class='ocrx_word' id='word_1_305' title='bbox 115 3461 181 3542; x_wconf 87' lang='lat' dir='ltr'><strong>pita</strong></span> <span class='ocrx_word' id='word_1_306' title='bbox 195 3460 260 3522; x_wconf 87' lang='lat' dir='ltr'><strong>sive</strong></span> <span class='ocrx_word' id='word_1_307' title='bbox 272 3461 423 3542; x_wconf 87' lang='lat' dir='ltr'><strong>principio</strong></span> <span class='ocrx_word' id='word_1_308' title='bbox 436 3458 561 3540; x_wconf 77' lang='lat' dir='ltr'><strong>paginae</strong></span> <span class='ocrx_word' id='word_1_309' title='bbox 573 3459 809 3520; x_wconf 81' lang='lat' dir='ltr'><strong>occursantibus.</strong></span> <span class='ocrx_word' id='word_1_310' title='bbox 831 3460 945 3540; x_wconf 86' lang='lat' dir='ltr'><strong>alioqui</strong></span> <span class='ocrx_word' id='word_1_311' title='bbox 957 3462 1034 3522; x_wconf 89' lang='lat' dir='ltr'><strong>anim</strong></span> <span class='ocrx_word' id='word_1_312' title='bbox 1049 3481 1109 3520; x_wconf 89' lang='lat' dir='ltr'><strong>non</strong></span> <span class='ocrx_word' id='word_1_313' title='bbox 1121 3476 1228 3518; x_wconf 85' lang='lat' dir='ltr'><strong>omncs·</strong></span> 
     </span>
     <span class='ocr_line' id='line_1_37' title="bbox 118 3543 1224 3625; baseline -0.005 -19"><span class='ocrx_word' id='word_1_314' title='bbox 118 3545 332 3607; x_wconf 85' lang='lat' dir='ltr'><strong>convenissent</strong></span> <span class='ocrx_word' id='word_1_315' title='bbox 355 3545 387 3606; x_wconf 90' lang='lat' dir='ltr'><strong>in</strong></span> <span class='ocrx_word' id='word_1_316' title='bbox 408 3544 675 3604; x_wconf 76' lang='lat' dir='ltr'><strong>animadvertendo</strong></span> <span class='ocrx_word' id='word_1_317' title='bbox 693 3544 772 3605; x_wconf 90' lang='lat' dir='ltr'><strong>malo</strong></span> <span class='ocrx_word' id='word_1_318' title='bbox 789 3546 915 3625; x_wconf 85' lang='lat' dir='ltr'><strong>augurio</strong></span> <span class='ocrx_word' id='word_1_319' title='bbox 930 3567 968 3608; x_wconf 84' lang='lat' dir='ltr'><strong>ax</strong></span> <span class='ocrx_word' id='word_1_320' title='bbox 982 3544 1083 3606; x_wconf 86' lang='lat' dir='ltr'><strong>verbis</strong></span> <span class='ocrx_word' id='word_1_321' title='bbox 1098 3543 1224 3604; x_wconf 80' lang='lat' dir='ltr'><strong>iisdem:</strong></span> 
     </span>
     <span class='ocr_line' id='line_1_38' title="bbox 117 3629 1225 3712; baseline -0.004 -20"><span class='ocrx_word' id='word_1_322' title='bbox 117 3629 185 3692; x_wconf 90' lang='lat' dir='ltr'><strong>fieri</strong></span> <span class='ocrx_word' id='word_1_323' title='bbox 201 3632 279 3694; x_wconf 88' lang='lat' dir='ltr'><strong>enim</strong></span> <span class='ocrx_word' id='word_1_324' title='bbox 300 3630 451 3712; x_wconf 86' lang='lat' dir='ltr'><strong>potuisset</strong></span> <span class='ocrx_word' id='word_1_325' title='bbox 468 3639 502 3690; x_wconf 92' lang='lat' dir='ltr'><strong>ut</strong></span> <span class='ocrx_word' id='word_1_326' title='bbox 515 3639 577 3690; x_wconf 87' lang='lat' dir='ltr'><strong>tres</strong></span> <span class='ocrx_word' id='word_1_327' title='bbox 594 3630 742 3711; x_wconf 87' lang='lat' dir='ltr'><strong>episcopi,</strong></span> <span class='ocrx_word' id='word_1_328' title='bbox 776 3631 828 3710; x_wconf 89' lang='lat' dir='ltr'><strong>qui</strong></span> <span class='ocrx_word' id='word_1_329' title='bbox 844 3651 912 3692; x_wconf 89' lang='lat' dir='ltr'><strong>cum</strong></span> <span class='ocrx_word' id='word_1_330' title='bbox 928 3630 1097 3692; x_wconf 84' lang='lat' dir='ltr'><strong>celebrante</strong></span> <span class='ocrx_word' id='word_1_331' title='bbox 1114 3645 1225 3708; x_wconf 89' lang='lat' dir='ltr'><strong>coope-</strong></span> 
     </span>
     <span class='ocr_line' id='line_1_39' title="bbox 116 3713 1227 3797; baseline -0.005 -21"><span class='ocrx_word' id='word_1_332' title='bbox 116 3717 265 3778; x_wconf 83' lang='lat' dir='ltr'><strong>rabantur</strong></span> <span class='ocrx_word' id='word_1_333' title='bbox 285 3715 318 3776; x_wconf 85' lang='lat' dir='ltr'><strong>in</strong></span> <span class='ocrx_word' id='word_1_334' title='bbox 339 3717 391 3776; x_wconf 89' lang='lat' dir='ltr'><strong>illa</strong></span> <span class='ocrx_word' id='word_1_335' title='bbox 413 3714 569 3797; x_wconf 85' lang='lat' dir='ltr'><strong>apertione</strong></span> <span class='ocrx_word' id='word_1_336' title='bbox 583 3725 612 3774; x_wconf 90' lang='lat' dir='ltr'><strong>et</strong></span> <span class='ocrx_word' id='word_1_337' title='bbox 627 3715 819 3796; x_wconf 85' lang='lat' dir='ltr'><strong>impositione</strong></span> <span class='ocrx_word' id='word_1_338' title='bbox 832 3715 945 3776; x_wconf 85' lang='lat' dir='ltr'><strong>codicis</strong></span> <span class='ocrx_word' id='word_1_339' title='bbox 957 3713 1139 3793; x_wconf 86' lang='lat' dir='ltr'><strong>evangelici,</strong></span> <span class='ocrx_word' id='word_1_340' title='bbox 1161 3733 1227 3772; x_wconf 89' lang='lat' dir='ltr'><strong>uon</strong></span> 
     </span>
     <span class='ocr_line' id='line_1_40' title="bbox 117 3796 1226 3882; baseline -0.004 -22"><span class='ocrx_word' id='word_1_341' title='bbox 117 3802 153 3870; x_wconf 80' lang='lat' dir='ltr'><strong>in</strong></span> <span class='ocrx_word' id='word_1_342' title='bbox 172 3803 296 3864; x_wconf 86' lang='lat' dir='ltr'><strong>eandem</strong></span> <span class='ocrx_word' id='word_1_343' title='bbox 313 3821 416 3862; x_wconf 88' lang='lat' dir='ltr'><strong>omnes</strong></span> <span class='ocrx_word' id='word_1_344' title='bbox 433 3800 558 3882; x_wconf 88' lang='lat' dir='ltr'><strong>paginae</strong></span> <span class='ocrx_word' id='word_1_345' title='bbox 587 3810 703 3881; x_wconf 85' lang='lat' dir='ltr'><strong>partem</strong></span> <span class='ocrx_word' id='word_1_346' title='bbox 726 3801 833 3862; x_wconf 89' lang='lat' dir='ltr'><strong>oculos</strong></span> <span class='ocrx_word' id='word_1_347' title='bbox 849 3802 1057 3861; x_wconf 87' lang='lat' dir='ltr'><strong>coniecissent.</strong></span> <span class='ocrx_word' id='word_1_348' title='bbox 1100 3796 1226 3862; x_wconf 85' lang='lat' dir='ltr'><strong>haema</strong></span> 
     </span>
     <span class='ocr_line' id='line_1_41' title="bbox 118 3881 1201 3969; baseline -0.002 -21"><span class='ocrx_word' id='word_1_349' title='bbox 118 3907 226 3948; x_wconf 86' lang='lat' dir='ltr'><strong>causae</strong></span> <span class='ocrx_word' id='word_1_350' title='bbox 239 3887 426 3969; x_wconf 85' lang='lat' dir='ltr'><strong>impulerunt</strong></span> <span class='ocrx_word' id='word_1_351' title='bbox 438 3887 477 3946; x_wconf 90' lang='lat' dir='ltr'><strong>ad</strong></span> <span class='ocrx_word' id='word_1_352' title='bbox 491 3881 606 3967; x_wconf 76' lang='grc' dir='ltr'><strong><em>καρπόν</em></strong></span> <span class='ocrx_word' id='word_1_353' title='bbox 616 3885 677 3946; x_wconf 89' lang='lat' dir='ltr'><strong>boc</strong></span> <span class='ocrx_word' id='word_1_354' title='bbox 690 3885 757 3947; x_wconf 88' lang='lat' dir='ltr'><strong>loco</strong></span> <span class='ocrx_word' id='word_1_355' title='bbox 765 3888 918 3967; x_wconf 84' lang='lat' dir='ltr'><strong>paginam</strong></span> <span class='ocrx_word' id='word_1_356' title='bbox 930 3881 1201 3964; x_wconf 85' lang='lat' dir='ltr'><strong>interpretandum.</strong></span> 
     </span>
    </p>

    <p class='ocr_par' dir='ltr' id='par_1_4' title="bbox 87 3964 1338 4396">
     <span class='ocr_line' id='line_1_42' title="bbox 203 3964 1226 4053; baseline -0.01 -17"><span class='ocrx_word' id='word_1_357' title='bbox 203 3969 382 4053; x_wconf 76' lang='grc' dir='ltr'><strong><em>κάστρον.</em></strong></span> <span class='ocrx_word' id='word_1_358' title='bbox 425 3971 465 4032; x_wconf 79' lang='lat' dir='ltr'><strong>nt</strong></span> <span class='ocrx_word' id='word_1_359' title='bbox 493 3991 546 4042; x_wconf 87' lang='lat' dir='ltr'><strong>es,</strong></span> <span class='ocrx_word' id='word_1_360' title='bbox 578 3992 655 4050; x_wconf 87' lang='lat' dir='ltr'><strong>quse</strong></span> <span class='ocrx_word' id='word_1_361' title='bbox 680 3970 795 4032; x_wconf 86' lang='lat' dir='ltr'><strong>dudum</strong></span> <span class='ocrx_word' id='word_1_362' title='bbox 819 3971 924 4030; x_wconf 86' lang='lat' dir='ltr'><strong>notavi</strong></span> <span class='ocrx_word' id='word_1_363' title='bbox 948 3968 1100 4030; x_wconf 86' lang='lat' dir='ltr'><strong>Glossario</strong></span> <span class='ocrx_word' id='word_1_364' title='bbox 1127 3964 1226 4028; x_wconf 76' lang='lat' dir='ltr'><strong>soll</strong></span> 
     </span>
     <span class='ocr_line' id='line_1_43' title="bbox 118 4052 1231 4141; baseline -0.01 -18"><span class='ocrx_word' id='word_1_365' title='bbox 118 4079 150 4138; x_wconf 85' lang='lat' dir='ltr'><strong>p.</strong></span> <span class='ocrx_word' id='word_1_366' title='bbox 167 4057 229 4124; x_wconf 80' lang='lat'><strong>671</strong></span> <span class='ocrx_word' id='word_1_367' title='bbox 251 4057 322 4141; x_wconf 84' lang='grc' dir='ltr'><strong><em>περί</em></strong></span> <span class='ocrx_word' id='word_1_368' title='bbox 333 4054 466 4139; x_wconf 66' lang='lat' dir='ltr'><strong>adnepos</strong></span> <span class='ocrx_word' id='word_1_369' title='bbox 478 4055 541 4116; x_wconf 87' lang='lat' dir='ltr'><strong>sive</strong></span> <span class='ocrx_word' id='word_1_370' title='bbox 554 4057 672 4138; x_wconf 76' lang='grc' dir='ltr'><strong><em>εἱρκτῆς</em></strong></span> <span class='ocrx_word' id='word_1_371' title='bbox 684 4052 802 4137; x_wconf 81' lang='grc' dir='ltr'><strong><em>λήθης,</em></strong></span> <span class='ocrx_word' id='word_1_372' title='bbox 825 4055 863 4116; x_wconf 82' lang='lat' dir='ltr'><strong>(le</strong></span> <span class='ocrx_word' id='word_1_373' title='bbox 886 4057 1008 4116; x_wconf 79' lang='lat' dir='ltr'><strong>castello</strong></span> <span class='ocrx_word' id='word_1_374' title='bbox 1025 4054 1089 4117; x_wconf 83' lang='lat' dir='ltr'><strong>siva</strong></span> <span class='ocrx_word' id='word_1_375' title='bbox 1105 4070 1231 4112; x_wconf 82' lang='lat' dir='ltr'><strong>carcero</strong></span> 
     </span>
     <span class='ocr_line' id='line_1_44' title="bbox 118 4137 1225 4220; baseline -0.007 -17"><span class='ocrx_word' id='word_1_376' title='bbox 118 4143 296 4218; x_wconf 81' lang='lat' dir='ltr'><strong>oblivionis,</strong></span> <span class='ocrx_word' id='word_1_377' title='bbox 327 4144 433 4206; x_wconf 84' lang='lat' dir='ltr'><strong>addam</strong></span> <span class='ocrx_word' id='word_1_378' title='bbox 456 4137 508 4200; x_wconf 84' lang='lat' dir='ltr'><strong>bic</strong></span> <span class='ocrx_word' id='word_1_379' title='bbox 533 4161 608 4220; x_wconf 89' lang='lat' dir='ltr'><strong>qnos</strong></span> <span class='ocrx_word' id='word_1_380' title='bbox 630 4143 777 4220; x_wconf 80' lang='lat' dir='ltr'><strong>suggessit</strong></span> <span class='ocrx_word' id='word_1_381' title='bbox 797 4142 885 4208; x_wconf 81' lang='lat' dir='ltr'><strong>Pater</strong></span> <span class='ocrx_word' id='word_1_382' title='bbox 904 4141 1045 4202; x_wconf 84' lang='lat' dir='ltr'><strong>Claudius</strong></span> <span class='ocrx_word' id='word_1_383' title='bbox 1066 4138 1225 4199; x_wconf 86' lang='lat' dir='ltr'><strong>-Maltretus</strong></span> 
     </span>
     <span class='ocr_line' id='line_1_45' title="bbox 118 4221 1338 4310; baseline -0.003 -24"><span class='ocrx_word' id='word_1_384' title='bbox 118 4229 285 4305; x_wconf 75' lang='lat' dir='ltr'><strong>Soulasu,</strong></span> <span class='ocrx_word' id='word_1_385' title='bbox 307 4227 385 4288; x_wconf 79' lang='lat' dir='ltr'><strong>elatis</strong></span> <span class='ocrx_word' id='word_1_386' title='bbox 399 4226 499 4287; x_wconf 80' lang='lat' dir='ltr'><strong>aalma</strong></span> <span class='ocrx_word' id='word_1_387' title='bbox 513 4226 648 4306; x_wconf 89' lang='lat' dir='ltr'><strong>postilla</strong></span> <span class='ocrx_word' id='word_1_388' title='bbox 663 4227 740 4288; x_wconf 81' lang='lat' dir='ltr'><strong>lecta</strong></span> <span class='ocrx_word' id='word_1_389' title='bbox 754 4224 978 4292; x_wconf 76' lang='lat' dir='ltr'><strong>humanissimis</strong></span> <span class='ocrx_word' id='word_1_390' title='bbox 994 4225 1099 4288; x_wconf 84' lang='lat' dir='ltr'><strong>literis.</strong></span> <span class='ocrx_word' id='word_1_391' title='bbox 1133 4225 1153 4258; x_wconf 83' lang='lat'><strong>‘⁴</strong></span> <span class='ocrx_word' id='word_1_392' title='bbox 1163 4221 1227 4282; x_wconf 79' lang='lat' dir='ltr'><strong>du·</strong></span> <span class='ocrx_word' id='word_1_393' title='bbox 1335 4289 1338 4310; x_wconf 23' lang='lat' dir='ltr'>k</span> 
     </span>
     <span class='ocr_line' id='line_1_46' title="bbox 87 4309 1227 4396; baseline -0.003 -23"><span class='ocrx_word' id='word_1_394' title='bbox 87 4365 88 4368; x_wconf 65' lang='grc'>,</span> <span class='ocrx_word' id='word_1_395' title='bbox 119 4311 194 4396; x_wconf 62' lang='lat' dir='ltr'><strong>dam</strong></span> <span class='ocrx_word' id='word_1_396' title='bbox 211 4313 347 4395; x_wconf 87' lang='lat' dir='ltr'><strong>(inquit)</strong></span> <span class='ocrx_word' id='word_1_397' title='bbox 362 4313 631 4382; x_wconf 80' lang='lat' dir='ltr'><strong>boacnotooeram</strong></span> <span class='ocrx_word' id='word_1_398' title='bbox 647 4309 1132 4394; x_wconf 55' lang='lat' dir='ltr'><strong>odc.6,l.1Procopia&#39;,dsbelIo</strong></span> <span class='ocrx_word' id='word_1_399' title='bbox 1149 4310 1227 4370; x_wconf 81' lang='lat' dir='ltr'><strong>Per·</strong></span> 
     </span>
    </p>
   </div>
   <div class='ocr_carea' id='block_1_3' title="bbox 0 0 1406 4792">
    <p class='ocr_par' dir='ltr' id='par_1_5' title="bbox 0 0 1406 4792">
     <span class='ocr_line' id='line_1_47' title="bbox 0 0 1406 4792; baseline 0 0"><span class='ocrx_word' id='word_1_400' title='bbox 0 0 1406 4792; x_wconf 95' lang='lat' dir='ltr'><strong> </strong></span> 
     </span>
    </p>
   </div>
  </div>
 </body>
</html>
