2798 4786
256 298 315 364 DE
334 297 590 368 aunuoulco
614 300 896 370 PALAEOLOGO
919 303 955 371 L.
973 301 1015 371 Π.
1087 303 1089 312 ’
1122 303 1195 378 149

85 462 346 550 νιστεστεόαστιιι,
374 467 460 559 ι’όλλῳ
475 465 518 546 ὥς
531 469 568 535 sd
588 471 785 556 μαχαιρίδων
803 465 837 538 εὖ
852 470 1004 558 ἤσκηται,
1036 475 1088 540 καλ
1107 472 1193 566 ἄλλῳ

85 571 133 649 aie
149 570 331 640 λελεόιιωται
351 571 388 638 sd
407 569 649 658 χειρόμακτρον,
687 561 736 650 ὥς
750 572 867 659 dioride]
881 566 973 652 οὗτος
979 626 990 657 ,
1018 573 1061 652 ὥς
1076 578 1188 656 ἐκεῖνος
1203 586 1228 640 P
1245 589 1297 642 100

86 674 366 762 δπερραθόμηαεν,
401 673 570 763 tricolim
599 672 776 760 δχρήοατο,
812 675 855 754 ὥς
884 674 1063 762 ἀσθενήσας
1092 682 1192 770 ἰατρῷ

85 785 258 864 προσῆλθε.
308 781 360 845 ναὶ
375 781 422 854 τός
442 777 480 843 δν
495 780 535 844 sd
557 776 727 860 αἰτιάματα
744 776 962 866 δριδμῆσειεν,
990 780 1010 846 δ
1027 781 1066 863 dd
1082 781 1191 860 καλῶς

61 884 273 967 ὅδτιλσιιηνῆς
298 888 356 948 τοῦ
377 886 449 964 βίον
473 889 537 948 τῶν
561 878 766 967 ταλαιπολριιιν
785 879 1002 969 troporum}
1025 885 1192 970 τληποιδής

86 983 180 1073 φόσις
192 982 234 1060 ὡς
248 981 377 1071 ἐφόλκια
395 981 589 1068 ἔπιαόρεται,·
615 981 662 1061 οἷς
678 986 784 1050 διεῖναι
799 982 996 1072 δπιφιιόμενοι
1011 991 1189 1053 νοτοινεδδι-

86 1091 141 1169 ζον
157 1091 209 1153 καλ
230 1088 363 1171 sisinnus
384 1089 435 1153 καλ
456 1087 635 1173 περιόσορον
657 1089 707 1153 καλ
732 1093 886 1175 φυλακαῖς
899 1085 1128 1172 ἀπαρακλήτοις
1140 1092 1190 1155 δι-

85 1197 192 1258 καιοῦν
208 1190 266 1256 οὖν
279 1191 401 1274 ἔληγον.
442 1183 481 1274 ἦν
495 1186 608 1274 δήπου
623 1193 675 1255 sul
690 1188 752 1256 διεδ
766 1198 870 1274 μονῶν
884 1192 1019 1276 δξδλεγον
1029 1189 1190 1276 χρήματα,

86 1291 128 1370 ὃς
149 1292 226 1379 ὕλην
249 1299 365 1359 παθῶν
384 1289 585 1369 δποσπολνττς
603 1299 705 1359 ταῦτα
725 1296 776 1359 καλ
798 1293 835 1360 τὸ
859 1301 922 1380 πῦρ
943 1299 999 1378 τῆς
1015 1295 1188 1375 δμπαδεδας

50 1399 228 1464 uinctura
242 1395 465 1479 δπομαραόνειι
485 1398 691 1472 δικαιοῦντες·
718 1399 744 1460 εδ
758 1396 792 1461 δὲ
804 1399 854 1462 κοιλ
867 1407 936 1472 ταῖς
945 1399 1050 1482 χερσλν
1067 1397 1186 1464 irrisus
1203 1403 1227 1457 B

90 1501 120 1566 si
134 1507 319 1585 σπινθῆρες,
343 1495 386 1574 uic
405 1497 534 1579 ἔδοξαν,
557 1495 827 1579 δνεσποδιόζοντο,
855 1496 1016 1584 ἧρόιιλεις,
1041 1510 1107 1575 τοῖς
1131 1499 1190 1566 ἅλ-

90 1609 166 1682 λιιι,
191 1600 208 1668 t
224 1627 340 1687 φασιν,
368 1604 485 1685 λατροῖς
493 1649 504 1682 ,
530 1603 557 1668 ελ
570 1601 685 1668 ἕλκεσιν
701 1601 826 1688 ἔβρυον.
876 1602 961 1684 ὅμως
974 1603 1080 1684 μέντοι
1095 1611 1189 1685 μῖσος

89 1704 145 1772 cais
158 1705 259 1790 ὀλίγον
275 1708 419 1770 ἐντεῦθεν
441 1706 528 1790 σφίσι
544 1704 631 1791 παρὰ
651 1710 775 1772 πολλῶν
790 1704 951 1792 ἔντε’τρορε
965 1707 1017 1771 καλ
1033 1703 1189 1782 ἄσπονδος

87 1815 191 1891 μῆνις,
223 1809 275 1873 καὶ
299 1803 503 1892 κοτεστόγοιιν
522 1805 654 1885 ἅπαντες
661 1856 671 1887 ,
707 1808 827 1873 ἐκείνων
848 1808 1060 1890 σπενδομίνων
1082 1804 1187 1889 μόνοιν

54 1907 132 1989 licis
152 1911 192 1994 δὴ
213 1913 265 1976 sui
286 1906 329 1986 ὥς
349 1912 437 1984 δδδοις
453 1907 595 1994 ilpunc.
648 1917 774 1985 πολλοῖς
791 1912 826 1976 δὲ
839 1913 889 1976 καλ
911 1909 1029 1995 πληγὰς
1043 1910 1192 1976 ἐνέτεινον

87 2017 211 2102 βαρείας
226 2010 375 2099 δμαρτεΐν
397 2009 540 2095 δόξασιν,
563 2012 624 2080 sind
641 2009 733 2098 ζήλου
756 2015 856 2098 δῆθεν
880 2013 1123 2100 anianensisc,
1148 2013 1189 2078 sd

153 2195 179 2248 8.
196 2189 229 2250 d’
245 2189 342 2250 isco?

88 2353 156 2401 teau
171 2349 327 2404 aureolam
349 2348 515 2416 cruciculam,
538 2347 625 2404 statim
648 2353 678 2402 nt
699 2352 848 2420 sumptuose
903 2347 1020 2404 laudidus
1044 2349 1191 2405 notabatars

87 2417 131 2470 sed
148 2425 175 2471 et
191 2419 320 2488 usquead
343 2419 390 2472 bas
413 2418 532 2473 maurina
553 2417 721 2473 morosissime
744 2437 853 2472 censura
893 2421 1056 2474 ascendebat.
1091 2437 1122 2474 en
1147 2421 1189 2474 hic

86 2503 159 2556 ομ
183 2487 314 2541 deuorato
339 2488 440 2542 atiabre
465 2487 567 2542 cultello
591 2489 685 2541 utimr!
709 2487 775 2541 alter
797 2488 840 2541 iile
863 2488 961 2541 mantili
986 2505 1062 2558 quam
1079 2489 1187 2543 candido

87 2572 171 2608 manns
192 2558 288 2625 tergit!
310 2564 341 2609 nt
364 2557 415 2610 ista
437 2557 522 2610 lautaas
546 2556 626 2610 nitetl
650 2563 680 2610 ut
702 2558 787 2609 fracto
810 2555 876 2610 alius
892 2564 920 2610 et
938 2557 1027 2612 deside
1042 2556 1188 2626 languescit

85 2624 186 2678 babitu!
210 2634 241 2678 nt
257 2625 345 2678 amicis
361 2625 459 2680 solicite
477 2625 642 2695 obsequitur!
664 2631 695 2678 ut
717 2643 773 2678 cum
797 2633 947 2695 aegrotaret
965 2627 1088 2680 medicum
1110 2627 1188 2680 adiitl

85 2699 111 2746 st
124 2694 182 2764 qais
198 2695 343 2747 istiusmodi
360 2694 560 2748 criminationum
585 2693 800 2778 ineptissimarum
817 2695 888 2748 ineat
904 2697 1056 2748 numeru-‘t’
1078 2712 1137 2748 nam
1160 2695 1186 2748 in

84 2761 113 2816 tis
129 2764 248 2818 sranibss
264 2779 346 2832 quas,
371 2764 443 2816 reiut
464 2765 489 2816 in
514 2780 607 2827 scena,
630 2763 767 2816 infelicium
785 2762 910 2816 bominum
927 2781 1077 2818 aerumnose
1094 2773 1188 2820 natura

84 2832 170 2884 solado
186 2832 333 2902 argentium
351 2832 529 2886 necessitatum
552 2831 668 2886 sarcinas
691 2833 761 2885 ritae
776 2833 945 2885 subsidiorum
963 2833 1055 2896 trabit,
1082 2830 1188 2886 insidias

82 2899 208 2954 buenni
235 2901 359 2955 satellites
382 2902 541 2954 collocabant
565 2901 708 2954 odiosarum
725 2901 940 2970 explanationum
967 2901 1092 2971 equibus
1109 2919 1187 2954 exur-

83 2978 170 3036 entes
185 2971 213 3022 in
230 2970 402 3038 deprehensos
418 2970 651 3033 stomachabantur,
663 2970 842 3040 obiurgabsnt,
859 2971 1009 3036 mulcebant,
1027 2971 1187 3040 prebenden·

84 3043 122 3090 tes
136 3038 388 3102 immisericorditer,
410 3038 551 3107 prebensca
572 3038 738 3106 ignominiose
754 3041 886 3091 trahentes
903 3039 929 3091 in
947 3041 1074 3092 custodias
1092 3039 1187 3092 tristis·

84 3105 167 3173 sinas,
182 3109 228 3160 ubi
245 3108 302 3160 sine
318 3124 365 3176 spe
381 3109 533 3176 impetrandi
550 3106 696 3170 laxamenti,
715 3107 771 3160 sine
787 3108 839 3160 ullo
857 3116 1055 3178 temperamento
1073 3108 1188 3161 indultae

84 3176 315 3230 musulatinucuiae
338 3176 377 3228 vel
403 3175 535 3239 minimae,
564 3176 650 3229 miseri
679 3177 907 3242 contabescerent,
932 3177 1001 3230 nulia
1027 3177 1186 3248 quantumvis

82 3243 157 3311 laage
180 3245 317 3298 tolerantia
334 3245 454 3298 malorum
473 3245 610 3297 crudelium
635 3243 742 3298 istorum
765 3244 934 3300 insatiabilem
956 3245 1074 3317 explente
1096 3245 1187 3316 ferita-

82 3321 140 3365 tem.
176 3331 224 3366 nec
241 3314 262 3366 ε’
317 3313 356 3366 los
377 3331 486 3366 vexasse
503 3316 638 3368 monachos
655 3314 784 3378 contenti,
801 3315 956 3368 monasteria
973 3315 1031 3385 ipsa
1048 3314 1141 3384 opibus
1158 3323 1187 3367 et

82 3382 189 3451 pannis
204 3381 283 3435 tollen
301 3383 324 3435 is
341 3381 541 3436 exhauriebant:
555 3382 687 3436 materiam
710 3383 877 3452 cupiditatum
901 3401 1020 3438 everrere
1044 3401 1101 3436 sese
1127 3383 1186 3436 inde

82 3451 134 3503 telo
157 3451 310 3519 discipliuae
334 3451 498 3510 dictitantes,
528 3469 580 3522 quo
606 3452 695 3505 fomite
719 3451 820 3506 scilicet
844 3453 961 3506 detractu
983 3453 1111 3507 avaritiae
1135 3451 1187 3518 (sic

83 3519 145 3572 eain
164 3520 348 3588 loquebantur)
374 3521 432 3589 plus
449 3519 527 3574 nimio
544 3521 678 3588 flagrantia
695 3521 812 3574 ardorem
830 3523 986 3588 minuerent3
1013 3521 1085 3574 cuius
1102 3525 1186 3574 umen

82 3586 143 3656 ἱρὴ
161 3589 266 3643 favillae
283 3590 308 3640 in
326 3591 442 3642 manibus
457 3589 578 3657 ipserum,
594 3589 713 3644 scintillis
728 3589 869 3643 luculenter
885 3591 1109 3652 intermicantibus,
1129 3606 1189 3641 cer·

84 3659 223 3722 οὼαοῑπε,
247 3666 278 3710 ut
299 3658 391 3710 liceret
412 3659 555 3710 exclamare
578 3659 663 3712 tritum
687 3657 748 3711 iliud
772 3660 859 3712 “beus
877 3675 940 3724 vos,
963 3659 1069 3714 aliorum
1087 3657 1188 3722 medici,

85 3727 186 3780 autetis
208 3725 380 3780 uleeribusl''
411 3727 467 3790 bis,
488 3734 566 3796 prout
596 3735 655 3782 erat
676 3727 829 3792 verisimile,
858 3728 949 3796 ingena
975 3729 1099 3780 adversus
1123 3728 1189 3778 istos

85 3793 165 3848 odiam
182 3795 211 3848 iu
229 3795 318 3848 eat-is
337 3795 445 3848 omnium
463 3799 607 3860 aestuabat,
624 3797 714 3866 iraque
730 3798 849 3850 fervebat
864 3797 1040 3866 implacabilis,
1057 3797 1188 3848 detestan-

85 3862 142 3916 t'mn
159 3873 310 3918 maclarum
327 3875 381 3918 tam
399 3866 478 3916 diram
497 3864 682 3932 acerbitatem,
707 3866 764 3918 unis
788 3867 923 3918 dumtaxat
939 3865 987 3919 iliis
1004 3866 1031 3917 in
1047 3864 1100 3917 tide
1116 3864 1189 3920 velut

84 3932 191 3986 iaederis
209 3951 266 3986 eum
286 3933 327 3985 his
344 3935 539 4002 perstantibus,
559 3936 652 4003 quibus
667 3933 741 4002 quasi
757 3935 903 3987 domesticis
920 3945 947 3988 et
963 3933 1079 3987 interiori
1097 3947 1188 3984 neces·

85 3999 189 4055 fl'trrdiae
206 4001 378 4055 familiaribus
394 4002 445 4070 ipsi
471 4005 616 4056 utebantur.
652 4006 797 4058 cumulabat
818 4004 898 4056 oleum
922 4004 949 4056 in
972 4002 1098 4056 flammam
1120 3997 1188 4052 irari-

85 4069 146 4134 ὗιε,
161 4072 231 4142 φοοδ
248 4089 282 4124 ne
298 4072 477 4140 temperabant
493 4073 594 4140 quidem
611 4071 727 4125 manibus
743 4080 772 4125 et
787 4073 867 4136 iuste,
882 4071 965 4142 plagis
982 4069 1107 4124 interdum
1126 4085 1188 4120 con-

85 4139 214 4194 maes
229 4156 296 4224 quos
312 4141 511 4209 deprehendisse
527 4141 554 4194 in
571 4141 647 4211 culpa
670 4141 722 4194 sibi
738 4141 909 4206 videbantur,
935 4143 984 4193 hoc
999 4139 1082 4208 ipsum
1101 4145 1188 4190 osten-

85 4213 138 4260 tare
151 4209 185 4262 sd
201 4226 244 4262 aur
261 4209 370 4278 gloriam
387 4210 542 4274 annuentes,
566 4211 634 4279 quod
651 4210 711 4264 inde
734 4211 910 4264 intellecturos
926 4223 1012 4261 omnes
1030 4205 1189 4258 confiderent

84 4285 174 4346 qm
187 4277 217 4332 in
232 4277 348 4351 ipsarum
363 4277 452 4334 aubrie
468 4279 650 4336 exardesceret
665 4279 703 4334 ris
719 4279 798 4334 divini
814 4279 879 4346 aeli,
904 4294 972 4350 quae
989 4275 1109 4331 cohibere
1125 4276 1190 4330 istas
