2842 4882
218 366 294 440 410
420 435 421 440 ,
537 364 716 436 GEORGII
739 365 1007 436 PAGHYlllEBlS

220 549 287 618 τοῖς
307 538 495 623 σχιζομίιοις
519 539 563 616 είς
583 533 794 626 κατάγνωσιν·
822 533 1003 626 σοφώτερον
1026 539 1060 606 δέ
1079 545 1174 606 noreio
1196 531 1325 608 ἐδόκουν

141 683 144 691 ·
219 645 269 710 καί
294 641 384 710 είσίτι
408 645 593 723 διευθετεῖν,
622 639 793 718 ric-odrina
809 639 1010 726 laudetenuae,
1037 643 1065 708 εί
1079 645 1130 708 καί
1147 641 1191 709 ἔτι
1204 642 1325 727 δντίχοι

180 761 203 815 Β
222 749 273 818 καὶ
295 744 352 830 τὴν
372 747 421 812 ἐπί
446 751 490 836 τῷ
506 743 687 836 Ἀθανασίῳ
703 745 749 830 μὴ
766 746 886 828 δίχοιτο
909 749 1028 831 πρᾶξιν.
1082 742 1148 828 ἧδ’
1163 748 1324 830 οίιιονομία

219 847 302 916 οὕτω
321 874 386 925 πως
405 841 461 936 ἦν,
488 845 681 934 πατριόρχην
701 851 758 932 μὲν
779 848 874 916 αὐτὸν
894 849 938 933 μὴ
961 855 1144 934 λειτουργεῖν
1159 847 1239 926 ὅλως
1246 898 1256 930 ,
1279 847 1324 927 ὥς

217 953 257 1022 dir
270 953 315 1036 μὴ
330 937 648 1038 σνλλειτουργοόντων
661 952 741 1020 κατὰ
755 951 790 1019 τό
806 952 884 1030 elude
899 949 1050 1020 διακόνων
1065 948 1349 1036 δἈλεξανδρείαςῦ

218 1059 269 1142 ἐπὶ
285 1061 347 1128 τιῦν
365 1050 520 1139 διπτόχων
535 1052 841 1140 συμμνημονεόοιτο,
869 1056 959 1144 λερεῒς
978 1056 1012 1122 δέ
1031 1051 1147 1139 μόνους
1161 1055 1235 1140 ἄτερ
1251 1055 1323 1122 δια-

217 1156 317 1227 κόνων
340 1160 514 1246 ἱερουργεῖν.
568 1163 619 1226 καί
640 1165 732 1226 τοῦτο
754 1156 922 1246 ἐπράττετο
931 1160 996 1242 ,μὲν
1009 1161 1061 1226 καί
1077 1160 1109 1224 ἐν
1127 1155 1321 1244 ἀνακτόρων,

217 1259 386 1348 ἐπράττετο
398 1264 443 1328 δέ
464 1265 516 1327 καί
538 1263 587 1328 ἐπί
606 1268 652 1353 τῷ
667 1263 800 1351 μεγίστῳ
815 1269 881 1352 rupi
889 1313 900 1345 ,
926 1264 978 1329 καί
993 1261 1101 1339 ἄλλοις
1112 1263 1170 1344 μὲν
1180 1259 1320 1347 ἡμίραις,

215 1363 351 1450 μάλιστα
373 1366 408 1431 δὲ
427 1365 606 1449 δημοτελέσι
621 1367 671 1432 καί
685 1363 898 1451 έορτασίμοις,
926 1362 968 1442 ὥς
983 1365 1040 1433 νόν
1056 1372 1095 1451 τῇ
1111 1371 1167 1448 τῆς
1181 1365 1321 1450 ὀρθοδα-

175 1477 199 1531 0
216 1472 284 1548 ξίας
298 1474 513 1551 κοινοπληθεΐ,
541 1466 592 1536 δτι
607 1469 760 1550 βασιλίως
773 1465 1004 1554 ludendumne
1022 1471 1072 1536 καί
1090 1465 1233 1553 πλήθους
1249 1469 1363 1536 iau-10

216 1579 272 1640 νοῦ
291 1571 502 1656 συναχθέντος
521 1568 537 1638 ό
558 1573 615 1654 μέν
639 1568 832 1657 πατριάρχης
855 1568 1021 1658 ἦπρόκτει,
1050 1572 1146 1656 λερεδς
1167 1574 1201 1638 δέ
1222 1569 1319 1654 μόνος

216 1671 469 1760 όπεριιιτυπῆτως
482 1670 583 1761 πόντη
598 1677 648 1740 eni
665 1672 880 1760 ἀνηκοόστως,
901 1677 998 1759 μηδὲν
1013 1672 1182 1742 ἐπαϊόντων
1197 1675 1248 1742 διὰ
1263 1676 1317 1742 τὸν
1337 1679 1338 1684 ’

214 1776 356 1864 θόρυβον
364 1827 375 1858 ,
396 1778 436 1844 τοὶ
452 1783 508 1861 τῆς
521 1778 694 1864 ἱερουργίας
707 1778 897 1864 ίξίπραττεν.
930 1775 1079 1854 ὦσαότως
1091 1780 1126 1844 di
1139 1781 1189 1845 ναί
1204 1780 1318 1854 ἐντοῖς

158 1909 160 1912 ·
213 1883 396 1974 πασχαλίηις
409 1881 536 1967 ἐγίνετο.
568 1880 698 1972 ὕστερον
710 1881 744 1947 δ’
764 1883 896 1958 ἐσαῦθις
910 1882 990 1948 κατὰ
1004 1881 1062 1966 τὴν
1073 1878 1198 1966 μνήμην
1213 1887 1269 1948 τοῦ
1284 1883 1316 1946 ἐν

213 1983 351 2071 μάρτυσι
363 1990 552 2072 περιφανοῦς
564 1990 595 2051 Γ
592 1985 719 2068 εωργίου
735 1981 915 2062 ἐκκόπτουσι
929 1987 980 2050 καί
994 1981 1212 2069 μνημόσυνον,
1235 1984 1315 2054 κατὰ
1325 1995 1356 2048 15

212 2089 267 2156 τόν
284 2089 317 2168 ἐν
334 2099 399 2167 τοῖς
408 2085 577 2176 μαγγόνοις
591 2077 666 2158 νεὼν
680 2087 980 2176 λειτουργήσαντες,
994 2087 1030 2168 ἣ
1043 2088 1159 2160 ἀνεῖται
1172 2094 1218 2179 τῷ
1230 2084 1315 2177 μόρ-

208 2219 288 2282 τυρι.

171 2306 196 2362 D
318 2299 378 2368 21.
431 2295 613 2378 ἐῆίξανεδ
631 2295 781 2386 ὅσημίραι
796 2297 847 2362 καί
862 2288 959 2374 αὖθις
973 2296 1010 2364 nd
1025 2295 1087 2362 nind
1101 2302 1164 2364 τῶν
1179 2300 1314 2379 Περσῶν

211 2397 321 2482 δεινόν,
346 2399 424 2468 ὥστ’
440 2400 678 2468 ἀποκεκλεῖσθαι
693 2406 853 2483 πανταχοῦ
867 2399 925 2476 τὰς
936 2405 993 2484 τῆς
1006 2402 1162 2485 σωτηρίας
1175 2400 1313 2476 ἐλπίδας.

209 2508 242 2571 τί
257 2504 317 2589 γδρ
334 2511 397 2570 τιῦν
412 2506 568 2590 δυσχερῶν
588 2502 691 2585 ἀπῆν,·
716 2505 768 2568 καί
784 2504 825 2568 ἐιῦ
837 2503 878 2567 τὰ
892 2499 1028 2588 μακρόν.
1080 2501 1161 2572 ettad
1177 2499 1353 2569 'adunatim

208 2604 315 2692 alnov
330 2612 430 2671 ταῦτα
442 2609 494 2671 καί
508 2611 564 2688 τῆς
575 2607 738 2687 βασιλίδος
750 2602 917 2690 προαόλια.
970 2605 1011 2671 τὰ
1024 2603 1056 2671 δ’
1076 2597 1116 2692 ἦν
1128 2604 1226 2681 εὐθὺς
1238 2605 1312 2690 νηὸς

207 2770 327 2838 abigeret
345 2775 376 2822 et
399 2767 457 2820 noni
477 2766 606 2838 quidpiam
627 2767 777 2826 inonmmodl
794 2787 827 2824 ex
844 2771 914 2824 laeto
931 2770 1038 2840 anoipiti
1055 2773 1220 2836 emeretur,
1236 2769 1311 2826 ,nude

207 2857 296 2893 annam
313 2838 394 2892 nvnlel
411 2837 495 2908 adhue
511 2837 555 2890 elii
572 2855 675 2892 auarum
692 2840 892 2894 roborandaeum
915 2839 1026 2909 partium
1041 2845 1184 2903 numerent,
1210 2840 1311 2892 conoul·

207 2908 259 2962 tiua
276 2915 337 2960 tuno
354 2907 455 2976 quidem
472 2906 553 2960 vinnm
570 2913 769 2978 temperamento
785 2908 895 2978 quodem
912 2909 950 2962 uti
967 2909 1124 2974 huiuamodi,
1148 2925 1200 2978 qno
1219 2915 1247 2961 et
1263 2925 1311 2977 pe·

206 2976 312 3032 rioulnrn
331 2976 387 3030 eiua
404 2975 557 3044 ignominiae
572 2976 610 3028 aio
626 2977 799 3030 Alexandrino
815 2978 996 3042 intentaretur,
1013 2985 1043 3032 ut
1059 2995 1089 3032 re
1105 2983 1191 3030 ταυτα
1207 2977 1310 3046 integra

207 3063 259 3099 nou
282 3046 461 3099 excluderetur
482 3045 551 3099 idem
571 3045 644 3099 aditu
667 3046 875 3118 resipiscentiae,
901 3053 1054 3101 nontamen
1076 3047 1134 3100 alea
1150 3043 1209 3100 novi
1225 3045 1310 3100 damni

206 3113 345 3168 iaceretur.
380 3115 550 3167 decreverunt
574 3116 695 3186 deinoepo
718 3116 844 3170 oolemnea
866 3134 883 3169 a
903 3115 1049 3185 patriarcha
1069 3115 1237 3170 celebrandae
1253 3115 1310 3184 ipeo

206 3183 326 3251 liturgiae
342 3184 476 3248 omittere,
500 3182 529 3236 in
545 3185 638 3254 quibua
657 3185 778 3238 videlieet
793 3185 901 3238 multari
917 3203 934 3238 a
949 3184 1066 3239 diaconio
1081 3184 1180 3239 uomina
1196 3184 1310 3254 patrier-

207 3253 312 3306 olaarnm
331 3253 542 3318 orthodoxorum,
559 3264 650 3306 cuncto
667 3253 787 3308 endiente
803 3253 912 3324 populo,
928 3257 1132 3321 demoleret,
1149 3253 1206 3306 vioe
1223 3261 1308 3306 antem

207 3337 295 3374 aarum
312 3339 385 3375 naoro
403 3322 509 3390 defungi
526 3339 573 3390 ρετ
589 3323 715 3392 privatum
730 3322 851 3377 iaciendo
870 3323 1044 3388 sacerdotem,
1071 3323 1128 3377 niue
1144 3323 1308 3376 diaconorum

206 3389 355 3444 miniaterio.
391 3392 440 3445 hoo
454 3393 491 3444 ita
506 3391 621 3445 l'notitari
637 3391 729 3446 exindo
746 3391 831 3461 coepit
846 3391 872 3444 in
890 3392 955 3446 aede
971 3409 1046 3446 ταυτα
1060 3391 1162 3476 palatii,
1181 3392 1229 3444 hoe
1240 3392 1306 3444 idem

204 3458 232 3513 iu
249 3461 342 3529 templo
359 3459 483 3524 maxim,
506 3477 560 3530 nou
575 3461 698 3530 protentio
719 3461 800 3514 nolum
825 3461 929 3528 diebus,
953 3461 999 3515 aed
1016 3469 1044 3516 et
1059 3479 1085 3515 nu
1104 3459 1307 3514 oolemnitetibuo

204 3528 282 3588 otium
306 3528 394 3612 populi
416 3546 540 3583 oonourou
560 3529 711 3584 celebribuo.
746 3530 833 3600 itaqua
855 3530 897 3584 die
916 3531 975 3600 ipae
995 3529 1178 3595 orthodoxiae,
1205 3547 1262 3582 oum
1279 3536 1307 3582 et

204 3597 237 3650 de
254 3613 323 3650 more
340 3606 481 3667 imperator
497 3599 524 3651 iu
541 3600 658 3669 templum
676 3599 824 3654 adveniunt
840 3607 868 3653 et
883 3601 977 3654 denano
993 3601 1098 3654 adeaeet
1113 3598 1235 3669 populna,
1258 3614 1305 3668 pa-

203 3665 318 3719 triarcha
334 3683 384 3720 nou
402 3667 559 3750 υοιιιρετυίτ,
574 3669 695 3742 oaoerdoa
708 3676 794 3723 autem
810 3669 917 3752 simplex
933 3669 1001 3724 citra
1016 3686 1135 3752 pompam
1148 3671 1180 3721 'et
1194 3675 1307 3730 eentum,

203 3736 319 3800 nemine,
342 3747 494 3805 praesertum
511 3736 538 3790 in
554 3739 648 3792 turbae
663 3755 770 3807 magnae
786 3745 841 3791 atre
859 3744 912 3804 atu,
934 3739 1088 3794 uaurdnente
1104 3737 1167 3808 qnid
1187 3737 1305 3790 moenita-

202 3811 245 3858 ret
268 3810 352 3872 ruyota
375 3807 522 3867 oelebrann.
546 3822 620 3860 eaoro
642 3817 780 3876 utcumque
802 3755 939 3862 dedrnutue
960 3809 1047 3862 officio
1064 3815 1113 3862 eat.
1146 3806 1263 3860 similiter
1279 3811 1306 3858 et

202 3873 230 3927 iu
248 3875 322 3928 lentie
339 3880 424 3930 autum
441 3875 617 3930 Paaolralibna.
642 3877 781 3946 eademque
796 3883 856 3930 arte
871 3877 897 3930 in
913 3877 1018 3931 nolemui
1034 3893 1138 3947 qnoque
1171 3876 1229 3930 aulo
1246 3881 1306 3944 poet

202 3945 334 3997 oelebrnta
354 3943 439 3998 annoti
459 3945 581 4012 υιτττγτίι
601 3944 707 4014 Georgii
728 3946 847 4008 memorie
868 3947 1009 4000 ueoeuitae
1024 3947 1143 4000 uominan
1162 3945 1171 3997 i
1188 3945 1305 4016 pelanm

202 4011 332 4080 diptychio
348 4013 515 4068 Alexandrini
531 4013 665 4068 luoriiaota
681 4020 735 4079 eet,
759 4014 866 4082 liturgia
880 4015 906 4068 in
923 4017 1018 4085 templo
1037 4015 1236 4086 lllanpmnouuua,
1259 4013 1303 4068 ubi

201 4089 291 4134 nanto
308 4082 352 4136 inti
370 4084 450 4137 hoooe
466 4099 565 4136 annona
582 4083 706 4149 habetur,
729 4082 856 4136 aubrnieoe
871 4095 987 4154 peneto.

269 4153 313 4206 21.
350 4151 494 4210 Crescebat
509 4151 578 4206 inter
594 4151 660 4204 laneo
675 4151 808 4220 magiaque
823 4170 855 4205 ao
872 4155 954 4222 magio
970 4154 997 4207 in
1020 4152 1076 4208 dieo
1095 4153 1270 4208 invaleaoebat
1285 4169 1303 4204 a

199 4217 415 4287 Petulantium,
431 4221 498 4274 adeo'
513 4228 542 4274 ut
559 4219 640 4274 omnio
655 4219 823 4290 undecunque
840 4221 929 4275 aalutie
944 4240 1006 4292 epea
1025 4223 1216 4278 excluderetura
1240 4220 1301 4288 quid

199 4287 267 4342 enim
285 4289 443 4344 minuetum
459 4290 570 4344 oberati
591 4289 665 4342 mitto
681 4287 826 4360 longinqua.
860 4290 991 4346 rideamne
1006 4307 1074 4362 quae
1089 4291 1115 4344 in
1131 4291 1215 4362 portio
1229 4289 1303 4342 urbia
1382 4295 1383 4298 ’

200 4358 372 4456 coaptantur,
397 4359 424 4412 in
436 4358 503 4429 ,ipen
521 4357 661 4431 imperialia
677 4357 765 4430 rogiae
781 4359 917 4418 vestibulo.
951 4361 1012 4414 navi
1028 4367 1056 4414 te
1074 4361 1129 4416 illio
1145 4357 1303 4414 unoeuden-
