2782 4792
199 283 276 358 '102
499 281 737 354 OBSERVAT.
758 281 997 358 ruentum

201 449 513 516 Ποσειδῶνα-ποιων
525 447 678 531 appellere
691 449 860 528 consueuit,
880 445 1022 514 hocloco
1039 451 1312 531 Mospnsmpsduu

184 563 186 570 s
199 535 323 599 dixerit.
366 555 438 595 sune
449 537 516 616 ipse
532 535 633 596 innuit
644 555 708 596 uon
720 553 760 594 ex
773 534 897 615 propriu
913 554 945 594 se
961 533 1013 594 bic
1026 535 1078 594 sed
1094 555 1131 596 ex
1145 536 1245 594 eliens
1259 535 1311 594 lo-

200 622 253 700 qui
268 623 435 698 sententis,
470 621 543 682 dum
557 621 642 681 huno
656 641 789 680 mensem
803 640 865 680 non
883 621 1021 680 absolute
1042 625 1311 702 Mosconsnpeoiuo

198 714 315 782 voest,
329 707 383 766 scd
398 726 466 766 eum
488 709 541 786 qui
563 707 651 766 iuxta
671 705 865 767 Athenienses
886 705 932 765 sic
946 706 1132 785 appelletur3
1155 706 1310 785 quemad-

93 793 115 846 P
131 793 183 849 085
200 791 323 852 modum
338 791 419 850 idem
435 811 466 870 p.
483 795 546 858 306
559 798 621 857 v.7
643 791 749 852 scribit
767 791 948 866 Ianuarium,
969 811 1057 870 quem
1076 792 1220 850 nimirum
1235 791 1308 870 ipse,

199 887 235 938 ut
249 898 276 936 c.
290 881 309 940 ¹1
329 877 385 942 l.8
406 877 659 937 Observstionum
679 877 755 937 tomi
779 875 889 957 prioris
910 877 1109 953 ostendimus,
1142 875 1307 936 Hecatom-

196 961 341 1022 bneonem
360 961 475 1022 iudicet
491 962 600 1023 debere
616 961 780 1042 appellari,
803 961 987 1022 Lenssonem
1011 961 1097 1021 iuxta
1112 961 1310 1022 Athenienses

199 1069 217 1106 s
232 1045 408 1126 quibusdam
422 1047 503 1122 dici,
525 1067 587 1107 non
599 1057 681 1108 recte
690 1067 749 1108 ,suo
763 1048 883 1126 quidem
901 1046 1024 1123 iudicio,
1046 1066 1228 1126 quemquem
1242 1047 1309 1126 ipse

200 1133 365 1213 sliqusndo
379 1151 482 1194 eorum
498 1133 706 1194 suctoritstem
719 1142 841 1194 secutus
858 1133 972 1206 suisset.
992 1132 1088 1192 simile
1103 1132 1247 1210 quiddam
1259 1132 1310 1192 hio

199 1217 446 1296 intelligendum,
468 1218 523 1277 ets-i
535 1229 642 1280 auctor
657 1239 712 1298 pro
730 1239 784 1278 suo
800 1238 883 1278 more
899 1217 1026 1278 obscure
1041 1238 1077 1276 oc
1092 1217 1309 1278 dimidiaturus

201 1302 393 1384 exprimendi
419 1302 499 1363 clere
517 1305 623 1382 utique
646 1323 707 1364 non
728 1303 860 1376 indicet,
889 1304 941 1363 sed
965 1303 1101 1363 sbsolute
1117 1303 1241 1364 videtur
1262 1303 1309 1362 di·

202 1408 271 1448 csrs
287 1391 455 1467 Augustum
473 1387 705 1450 Atheniensibus
719 1388 994 1450 lllsemscterionem
1015 1407 1105 1462 esse,
1119 1408 1188 1448 cum
1207 1397 1308 1446 tumen

201 1473 274 1534 sutis
285 1481 429 1553 nppsrest
445 1473 477 1532 id
493 1474 580 1532 illum
595 1493 656 1536 uon
672 1473 834 1534 credidisse
850 1475 937 1554 plene
952 1476 994 1533 its
1009 1472 1170 1534 rehabere.
1196 1474 1309 1532 etenim

202 1558 229 1617 si
240 1557 285 1617 sic
298 1566 450 1632 censeret,
471 1577 536 1618 non
549 1569 610 1620 tam
622 1578 710 1640 crepe
724 1560 797 1618 alibi
811 1561 1080 1620 Maemocterions's
1092 1557 1243 1619 vocabulo
1255 1559 1308 1618 lu·

186 1643 305 1719 flentum,
324 1643 495 1720 ,Augustum
511 1661 585 1708 vero
599 1643 780 1704 Posideonts
793 1644 963 1708 indicasset.

289 1724 562 1809 μαμάμουθος.
591 1723 731 1811 δεύτεραι
749 1731 908 1812 φροντίδες
931 1729 983 1793 nol
1002 1729 1101 1808 φίλων
1118 1732 1182 1791 sois
1195 1730 1308 1811 λογίων

202 1809 391 1894 ὕπομνήσεις
401 1825 565 1892 suggerunt
578 1813 631 1876 hic
646 1815 762 1894 aliquid
778 1815 860 1894 quod
879 1815 987 1876 eddam
1007 1815 1045 1876 sd
1065 1815 1168 1876 olims
1184 1835 1235 1874 me
1246 1835 1310 1874 no-

202 1906 264 1958 tstu
280 1900 319 1961 sd
331 1897 392 1960 hoe
407 1899 543 1960 verbum.
587 1902 721 1961 occurrit
738 1900 815 1962 mihi
829 1901 938 1962 deinde
959 1901 1039 1960 sorte
1055 1900 1165 1979 legenti
1179 1901 1309 1962 tannen

201 1980 297 2048 buius
309 1985 460 2047 eumatio
474 1986 620 2046 vocabuli
633 1983 800 2050 ehitisdel
813 1985 862 2047 his
881 1985 1035 2048 versibus:
1219 2013 1239 2016 ¹·

342 2115 344 2124 ι
364 2066 476 2134 rovedo
497 2076 541 2157 τῷ
554 2066 793 2156 βλιτομάμμοντι
812 2065 1009 2153 supprimens
1029 2070 1179 2152 σημαίνει,

367 2151 437 2238 ἤτοι
458 2154 559 2239 μωρὸν
581 2153 809 2240 ovyspsinsovso
830 2152 964 2260 pdppnu
976 2179 1009 2220 τε
1029 2155 1080 2220 sat
1101 2151 1159 2218 edo*
1174 2151 1279 2237 dorsu.

363 2239 461 2322 popl,
482 2243 560 2322 φησὶ
578 2240 636 2325 yoip
657 2245 840 2325 προφανῶς,
863 2247 1032 2347 ovss'punse
1049 2237 1083 2304 sd
1099 2235 1229 2322 μάμμαν
1245 2259 1308 2304 oon.

200 2323 309 2404 origini
324 2325 377 2387 hic
393 2327 544 2388 iudicotee
560 2331 642 2388 vocis
659 2322 884 2409 μαμμάκουθος
897 2323 958 2391 eino
976 2331 1032 2408 τῆς
1044 2320 1169 2407 μάμμης
1182 2345 1308 2386 consen-

200 2417 288 2470 tsnee
307 2411 414 2472 scribit
437 2411 623 2474 Phovorinus
640 2413 672 2472 in
688 2415 817 2473 Lexico:
840 2408 1058 2494 μαμμάκουθοι
1078 2407 1146 2474 oleri
1158 2415 1215 2474 τοῦ
1229 2435 1309 2493 μαμ-

199 2491 379 2577 μόθρεπτοι.
409 2497 558 2558 ilenricus
571 2497 740 2578 Stephanus
756 2498 786 2558 in
804 2497 955 2558 Thesauro
973 2494 1232 2580 μαμμοθρέπτους
1249 2494 1308 2556 dici

197 2590 287 2660 putet
310 2603 422 2662 pueros
444 2584 566 2644 mollius
586 2594 617 2645 et
637 2583 843 2663 indulgentius
863 2585 1022 2660 educatos,
1050 2583 1152 2662 qusles
1173 2583 1223 2642 illi
1238 2589 1309 2642 suut

201 2665 254 2746 qui
270 2666 388 2728 abavi·
406 2689 463 2748 pro
478 2689 584 2734 senum
603 2691 687 2730 more
708 2670 838 2730 tenerius
854 2670 1015 2750 nepotulos
1032 2668 1309 2728 umentenutriun·

201 2759 261 2812 tur.
304 2753 450 2814 eiusmodi
472 2775 541 2814 curn
566 2755 677 2816 inertes
697 2765 727 2816 et
750 2755 917 2835 voluptarii
932 2775 995 2815 esse
1014 2754 1147 2828 soleant,
1169 2753 1243 2812 hinc
1258 2752 1308 2812 sd-

198 2834 331 2900 heesisse
350 2848 437 2921 putat
464 2839 611 2901 vocabulo
638 2835 872 2923 μαμμόθρεπτος
896 2840 1023 2900 similem
1049 2839 1260 2900 dissolutionis
1280 2844 1310 2898 et

200 2915 366 3000 ἀκολασίας
384 2927 537 2986 ininmism
560 2928 586 2986 ei
605 2947 694 3005 quom
706 2927 806 2986 Latini
817 2947 874 2986 usu
891 2927 1017 3004 antiquo
1031 2924 1198 2984 slhxerunt
1215 2923 1307 2984 verbo

199 3025 302 3087 nepos.
326 3045 329 3050 ·
344 3012 387 3070 ite
400 3011 465 3087 ille;
489 3033 528 3072 ex
546 3012 631 3072 cuius
645 3010 793 3074 sententis
806 3013 922 3071 nullum
943 3010 1088 3071 stultitiae
1100 3030 1135 3070 sc
1150 3008 1307 3070 hebetudi-

199 3093 250 3153 nis
263 3095 391 3170 mentis,
411 3097 464 3158 sed
478 3098 574 3158 solum
597 3097 729 3157 luxuriei
749 3096 964 3166 indicationem
985 3097 1155 3158 contineret
1171 3095 1308 3156 vocobu-

200 3179 264 3238 lum
279 3176 523 3262 pnppitlpensoc,
545 3192 635 3262 etque
648 3184 722 3242 sdeo
736 3202 799 3242 non
812 3182 1013 3262 sequiveleret
1024 3187 1066 3266 spi
1080 3175 1307 3264 μαμμακοόθμ,

199 3277 293 3345 prout
315 3269 403 3328 docet
421 3268 625 3343 Pltuvorinus5
649 3267 698 3330 cui
716 3277 836 3343 tumen,
857 3277 895 3327 ut
912 3267 1039 3348 opinor,
1060 3269 1159 3326 tutius
1173 3265 1307 3326 creditur

199 3353 353 3413 enarranti
372 3373 442 3414 suae
466 3353 585 3430 linguae
605 3353 734 3432 origines
756 3373 845 3429 quem
859 3361 945 3413 tento
967 3353 1131 3414 recentiori
1143 3351 1308 3412 Gramma-

196 3435 277 3509 tico,
301 3438 492 3518 quantumvis
510 3449 670 3510 occursto,
692 3436 870 3517 sephina„
902 3438 1001 3500 multo
1024 3436 1307 3516 igitur-meliorills

196 3523 281 3582 vocis
306 3518 542 3604 μαμμόθρεπτος
561 3523 712 3603 expositio
733 3533 779 3584 est
800 3543 889 3604 qusm
907 3523 1038 3602 suggerit
1065 3525 1095 3584 S.
1122 3520 1307 3600 Augustinus

198 3605 352 3668 Gonoione
363 3614 385 3672 2
397 3607 541 3674 inPsslm
549 3613 602 3684 80,
618 3608 655 3669 sd
670 3608 722 3669 ills
738 3609 828 3670 verbs
842 3629 871 3669 v.
884 3611 941 3674 15:
963 3630 1017 3689 ego
1031 3617 1135 3666 nutem
1150 3610 1185 3666 in
1198 3618 1227 3664 te
1240 3627 1307 3686 spe-

197 3696 271 3752 rovi
294 3691 424 3754 domine.
476 3695 506 3752 si
531 3692 679 3766 attendis,
717 3693 834 3774 inquit,
862 3693 970 3754 adhuc
990 3694 1160 3768 bominem,
1189 3703 1218 3750 et
1240 3709 1308 3750 eum

198 3781 324 3860 quaeris
339 3779 461 3838 imitari
475 3790 504 3838 et
520 3800 554 3838 eu
566 3779 621 3838 illo
631 3778 777 3859 pendere,
799 3778 904 3840 adhue
917 3781 997 3841 lacte
1011 3782 1059 3838 vie
1074 3781 1234 3838 nutrisset
1246 3777 1308 3856 fios

198 3863 484 3946 mammothreptus,
507 3865 615 3945 quoles
634 3863 782 3938 dicuntur
797 3869 890 3947 pueri
912 3869 968 3946 qui
989 3866 1047 3926 diu
1066 3873 1201 3945 sugunt,
1222 3857 1309 3942 qnod

198 3969 260 4008 non
282 3948 374 4010 decet.
416 3960 523 4010 notum
544 3959 644 4012 autem
670 3961 715 4012 est
740 3951 944 4032 experientis,
966 3951 1051 4016 cuius
1066 3953 1218 4029 assignent
1232 3968 1308 4008 esu-

97 4043 101 4051 '
197 4055 261 4096 sem
280 4034 407 4111 medici,
431 4055 542 4115 pueros
567 4037 694 4115 quinon
718 4035 1115 4116 ablactanturtsmpenive,
1136 4035 1309 4094 adolescere

198 4117 309 4180 berdon
322 4121 519 4199 sorstupidos,
542 4131 572 4181 et
582 4121 687 4200 quales
702 4122 916 4184 describuntur
930 4121 967 4182 sb
977 4120 1185 4202 ¹Aristophsne
1198 4109 1309 4200 {inspel-

198 4225 282 4283 χοις,
304 4206 358 4270 iol.
377 4211 438 4274 123
450 4211 512 4286 μὶ
525 4207 580 4266 ed.
597 4207 709 4267 Graece
727 4207 919 4270 Florentinue
935 4208 1005 4266 unni
1023 4207 1118 4278 1625.
1145 4197 1310 4285 ἇβελτερό-

199 4285 501 4373 προιμμεμηνότες,
529 4284 755 4375 mandendos,
772 4295 870 4366 ,stulte
889 4292 1037 4372 hisbtnrdi
1049 4301 1091 4362 ,et
1102 4291 1236 4364 ,etheum
1253 4306 1310 4354 ¹ont
