2774 4784
400 291 503 368 tut
522 289 550 362 l.
600 286 879 364 GLOSSARIUM.
925 393 931 408 ἱ
1125 284 1204 368 719

93 463 166 530 ficet
184 458 232 522 his
248 457 349 528 verbis
368 449 484 532 inaneis
505 453 565 516 ‹ttei
585 453 682 514 iacula
699 454 731 514 in
752 452 871 518 tionem
885 457 1049 535 mittende;
1068 459 1203 539 qualium

93 561 175 612 stare
192 548 307 628 copiam
324 553 495 624 promptam
512 541 550 601 ad
573 541 687 600 subitos
706 560 779 600 usus
797 541 970 620 dispositam
984 563 1074 623 super
1089 546 1205 606 vellum

94 634 262 716 oportebat.
304 628 478 691 huiusmodi
493 626 589 686 iecule
603 627 665 686 sive
679 625 781 686 hastae
801 625 839 686 ab
854 627 1062 688 accedentibus
1080 631 1118 689 ad
1135 651 1207 690 mu-

93 722 255 796 nitionem,
274 718 358 777 'dum
380 713 567 796 praesidiarii
585 712 770 789 dormirent,
794 711 931 774 hostibus
952 711 1004 773 lric
1024 725 1127 774 noster
1151 715 1207 776 eb-

93 807 172 866 latss
186 804 238 864 eit.

181 882 302 970 στήλη
324 883 424 968 pert
436 889 531 950 v.9et
542 886 591 948 18.
613 901 721 943 vereor
735 901 774 942 ne
787 892 1022 964 praeoccupatus
1036 884 1209 964 vulgaribus

94 975 273 1038 notionibus
295 971 442 1051 quispiam
462 969 559 1030 dicem
579 967 630 1029 iric
648 967 722 1028 mibi
743 971 966 1051 παρερμηνελας
980 969 1105 1046 scribet,
1127 971 1210 1050 quod

96 1064 246 1123 Graecum
262 1058 443 1118 vocabulum
463 1048 557 1135 στήλη
579 1074 648 1116 cum
666 1053 773 1116 Latino
791 1055 936 1116 columna
956 1054 1005 1114 vel
1025 1066 1135 1116 natea
1147 1077 1210 1118 non

97 1145 354 1208 commutaverim.
395 1141 464 1217 sed,
485 1160 613 1220 quaeso,
634 1159 723 1218 quem
744 1137 864 1201 sensum
884 1139 1075 1202 commodum
1099 1143 1210 1202 laceret

98 1235 245 1294 columna
263 1231 314 1288 vel
325 1239 434 1287 notua
454 1230 552 1285 trium
569 1229 794 1286 Germanorum
807 1235 859 1286 aut
876 1229 1020 1290 columna
1037 1228 1086 1288 vel
1100 1237 1210 1286 statua

99 1323 134 1378 in
153 1319 218 1379 veto
241 1319 345 1375 aureis
367 1323 504 1372 contexio
516 1312 589 1390 filie
601 1312 781 1372 Miclru'e'lsm
800 1323 1029 1390 repraesentans
1044 1312 1210 1372 Palaeste·
1326 1307 1327 1310 ¹

97 1425 177 1484 gum
196 1403 293 1482 specie
308 1401 408 1480 prisci
426 1399 622 1458 Constantini
636 1409 663 1456 et
682 1399 775 1456 titulo
791 1398 884 1458 novi?
906 1419 945 1458 an
959 1417 1067 1477 parum
1083 1409 1129 1458 est
1143 1398 1210 1459 evi-

100 1490 175 1550 dens
184 1545 185 1548 ,
194 1481 305 1566 στήλην
317 1485 411 1565 priori
423 1484 639 1561 locoltabulam
654 1503 716 1542 esee
730 1485 842 1564 pictam
854 1484 1029 1564 imaginibus
1043 1485 1137 1546 trium
1153 1504 1209 1563 pe-

99 1571 300 1634 triarcberum
320 1571 372 1648 qssi
394 1563 535 1630 Germairi
554 1578 626 1629 eunt
646 1570 765 1641 vocati,
787 1570 952 1649 posteriore
966 1579 1066 1631 eutem
1085 1569 1211 1650 effigiem

98 1659 252 1720 Michaelis
265 1655 429 1736 Palaeologi
443 1675 478 1715 eo
489 1653 597 1714 babitu
608 1655 783 1731 formatam,
805 1657 838 1714 in
857 1663 945 1717 textu
959 1655 1029 1730 reli,
1053 1657 1103 1737 qui
1115 1655 1211 1718 tribui

98 1765 205 1822 magno
221 1742 415 1802 Constantino
439 1741 618 1802 consuevitl
647 1742 787 1802 nimirum
809 1736 902 1822 στήλη
921 1762 939 1800 e
956 1737 1038 1805 στᾶω
1057 1752 1089 1802 et
1107 1743 1211 1823 ἴστημτ

99 1829 221 1892 verbale
238 1847 346 1890 nomen
359 1825 537 1906 generaliter
559 1825 707 1904 quidquid
723 1837 808 1886 extat
823 1835 854 1886 et
871 1828 981 1887 eminet
994 1827 1027 1887 in
1047 1836 1211 1908 prospectu

101 1917 234 1996 positum
255 1913 418 1992 significan
448 1910 531 1972 unde
554 1912 633 1991 cippi
651 1922 931 1990 monumentorum,
953 1933 989 1973 sc
1009 1931 1214 1992 quaecumque

101 1995 234 2080 fastigia,
259 2007 290 2058 et
310 1998 341 2057 in
363 2007 556 2075 conspectum
577 1997 710 2057 obiectae
722 2017 905 2059 marmoreae
920 1999 1037 2059 tabulae
1053 1999 1214 2078 inscriptae

101 2087 211 2160 literis,
232 2081 470 2162 frequentissime
490 2086 596 2162 στῆλαι
616 2082 713 2142 dictae
736 2085 937 2164 reperiuntur.
978 2085 1082 2162 itsque
1100 2103 1214 2144 ceven-

16 2241 17 2244 ,
102 2172 176 2232 dum
189 2188 228 2228 ne
245 2169 357 2248 specics
375 2187 431 2247 pro
447 2187 553 2246 genere
573 2168 677 2228 lectori
691 2169 816 2250 obrepet
829 2179 947 2230 assueto
963 2171 1065 2249 cippos
1082 2177 1112 2228 et
1128 2169 1214 2228 colu-

90 2257 203 2326 mellas
212 2254 248 2314 in
261 2253 394 2334 apicibus
409 2254 617 2333 sepulcralium
636 2255 760 2314 molium
778 2264 832 2315 aut
847 2255 879 2314 id
893 2275 986 2334 genus
1000 2263 1214 2314 monumento-

100 2362 170 2404 rum
183 2348 296 2400 erectes
310 2341 428 2419 στηλῶν
441 2339 559 2398 nomine
570 2339 743 2420 intelligere.
785 2341 927 2402 illaenim
945 2343 1051 2422 στῆλαι
1063 2349 1145 2416 sunt,
1160 2338 1215 2399 sed
1325 2407 1327 2412 ¹

101 2448 164 2488 non
182 2427 261 2486 sola:
282 2425 413 2504 pertinet
427 2424 537 2505 quippe
560 2423 635 2486 baec
650 2445 713 2486 vox
730 2426 836 2503 latius,
856 2426 972 2488 tabulas
990 2427 1079 2488 etiem
1097 2433 1128 2486 et
1147 2425 1214 2487 vele

47 2535 50 2544 ’
101 2513 204 2594 figuris
219 2509 356 2590 insignite
369 2511 401 2569 in
418 2510 580 2590 conspicuo
595 2520 709 2572 statute
724 2511 868 2573 indicens.

188 2597 395 2660 συτὸοσίστ
413 2615 443 2674 p·
457 2600 520 2661 293
536 2617 566 2658 v.
577 2601 608 2663 9.
650 2597 707 2658 etsi
726 2597 807 2678 apud
824 2608 939 2659 veterae
961 2607 1098 2658 suctores
1117 2597 1215 2676 legere

102 2683 267 2755 συνδοσλσς
281 2701 342 2742 non
356 2681 485 2756 memini,
497 2690 573 2760 pute
587 2689 688 2742 temen
703 2681 924 2764 Pecbymerem,
946 2686 1032 2744 cuius
1045 2703 1147 2743 omnes
1162 2700 1215 2740 ae-

96 2788 161 2856 ‚que
177 2767 294 2828 codices
309 2766 489 2836 vocabulum
504 2765 643 2828 hocloco
658 2769 741 2830 istud
752 2768 904 2844 exhibent,
920 2769 952 2827 id
968 2769 1000 2829 in
1012 2770 1136 2830 notione
1150 2768 1213 2827 lar-
1229 2770 1253 2826 P
1270 2773 1323 2828 510

100 2853 233 2934 pisionis
245 2870 413 2932 usurpasse,
426 2853 510 2930 quasi
524 2853 682 2940 ducturus
697 2855 864 2934 sevitiam
878 2853 1025 2916 σοιιᾰοηο.
1059 2853 1108 2914 cui
1119 2853 1218 2914 verbo-

103 2959 163 2999 usu
178 2937 301 3016 antiquo
315 2938 491 2998 Latinorum
505 2937 584 2998 inest
600 2940 648 3004 vie
667 2940 825 3020 peculiaris
835 2939 989 3000 indicendi
1003 2939 1126 3000 vitiosas
1140 2959 1215 3019 pro-

102 3023 234 3102 fusiones
253 3023 285 3082 in
302 3023 448 3102 indignos.
491 3023 594 3084 Cicero
609 3024 734 3106 Philipp.
751 3031 787 3092 2:
808 3027 971 3104 apothecae
992 3036 1073 3086 totae
1091 3029 1215 3106 nequie-

104 3107 194 3166 ss'nris
206 3107 468 3175 condonabantur.
491 3117 566 3169 'nec
577 3109 721 3172 abhorret
735 3110 786 3170 bic
798 3111 979 3190 significatus
997 3112 1033 3172 ab
1050 3110 1139 3172 huius
1154 3109 1215 3171 loci
1307 3119 1316 3144 ‘

104 3193 260 3252 sententie.
302 3194 477 3274 vituperem
493 3196 602 3276 quippe
619 3195 793 3277 patriarcba
809 3196 1037 3258 conventionem
1050 3199 1217 3278 imperato-

104 3277 148 3338 ris
163 3298 232 3338 cum
246 3277 339 3350 ciale,
360 3281 445 3340 cuiue
460 3281 614 3342 occasione
634 3283 729 3342 multe
743 3283 954 3362 pretiosissime
969 3303 1099 3345 ,munere
1119 3282 1216 3342 eidem

104 3373 136 3426 et
148 3365 212 3424 eiua
226 3363 384 3424 comitibus
397 3367 552 3446 magnifice
565 3367 602 3428 eb
614 3367 748 3446 Augusto
763 3368 875 3428 ‹lonete
886 3369 1023 3449 superius
1035 3377 1138 3428 noster
1151 3385 1218 3426 me-
1263 3403 1266 3410 -

102 3450 252 3524 moravit,
273 3449 360 3508 facile
376 3455 492 3530 potuit,
514 3452 553 3512 ad
569 3453 720 3532 querelem
734 3465 825 3516 avere
838 3464 1003 3518 auctorum
1017 3452 1217 3534 vectigalium,

102 3535 265 3615 adiungere
278 3533 488 3599 cohaerentem
501 3537 761 3626 reprehensionem
778 3538 919 3603 absusti
931 3539 1093 3601 ambitiosis
1107 3537 1218 3620 prolu-

103 3622 238 3682 sionibus
251 3622 367 3688 sererii.
531 3685 543 3694 ..
757 3673 758 3676 ,
863 3617 867 3638 ’

190 3700 387 3786 σφάκελος
409 3728 439 3788 p.
454 3705 516 3776 245
531 3728 562 3773 v.
577 3713 607 3774 3.
631 3713 632 3716 ’
650 3711 732 3789 quod
748 3709 799 3772 hic
813 3720 916 3772 noster
935 3704 1086 3786 spissior
1103 3705 1219 3785 scribit,

103 3790 227 3852 videtur
240 3793 321 3854 idem
335 3792 492 3872 essequod
505 3795 566 3856 vol.
581 3795 597 3854 1
611 3816 640 3875 p·
653 3797 712 3862 511
729 3817 762 3857 v.
785 3802 820 3862 11
840 3794 992 3877 ‹pusillos›
1008 3793 1156 3856 vocabulo
1170 3793 1221 3854 in-

38 3911 39 3916 *
105 3877 236 3953 dicavit,
257 3879 365 3939 sssoern
383 3880 524 3940 videlicet
538 3889 591 3944 sut
607 3882 782 3942 fasciculum
796 3881 860 3942 eive
877 3880 1029 3942 fuscellum
1044 3877 1221 3940 ebertsrum

104 3962 282 4042 significans.
324 3964 514 4026 laudavimus
535 3966 567 4026 in
587 3967 683 4049 priori
697 3968 849 4028 Glossario
864 3967 1021 4045 synesium
1040 3965 1144 4025 eedem
1160 3985 1220 4026 no-

106 4047 190 4108 tione
211 4045 363 4130 φᾶκελλσν
383 4061 589 4132 usurpantem.
641 4054 758 4133 reperio
784 4051 865 4133 apud
887 4051 1060 4129 Dionysium
1077 4050 1219 4112 Halicar-

105 4153 244 4196 nesseuos
264 4135 285 4196 l.
301 4141 329 4219 7Ι
346 4135 533 4214 comittem
551 4132 718 4219 φρυγάνων
739 4157 808 4218 pro¹
814 4137 988 4217 fasciculis
1012 4137 1217 4218 virgultorum

103 4221 248 4300 positum.
292 4221 490 4302 Pscbymeres
501 4220 552 4283 bic
563 4233 673 4285 neutro
686 4241 793 4304 genere
805 4229 838 4284 et
851 4241 921 4284 cum
933 4221 1024 4284 unico
1035 4223 1145 4287 tidem
1156 4243 1218 4286 vo·

106 4305 247 4368 sabulum
262 4309 330 4388 peri
343 4307 512 4389 significem
529 4308 660 4372 exbibet.
