2842 4882
188 287 264 362 456
346 297 349 308 ’
509 277 689 350 GEORGII
713 271 982 344 recnrnfflms

187 467 253 536 τοῒς
263 450 469 544 γραφομίνοις
475 499 487 534 ,
515 447 559 528 ὥς
572 448 653 535 μηδὲ
666 453 737 536 σιγῇ
751 445 791 514 rei
810 452 939 512 πλείστα
952 437 1145 531 παρινεγιιοίτ
1153 490 1163 523 ,
1191 443 1294 512 eniri

189 567 246 630 soi
269 557 430 642 δαιμονίου
448 550 571 639 μήνιμα
588 560 650 629 πᾶς
676 577 724 630 τις
744 549 926 638 ἀναφανδὸν
943 551 1080 614 αίτιᾶται
1094 553 1156 614 τῶν
1168 571 1296 632 συμφοι-

189 669 253 750 pris
267 664 318 730 ιιιιί
329 659 364 728 sd
381 663 443 726 τῶν
459 651 651 744 πραγμάτων
663 651 835 742 ἀμήχανον.
867 650 955 719 οὔπω
966 648 1025 738 γάρ
1041 675 1088 728 τις
1102 650 1189 738 ἔφθη
1199 648 1296 742 intpp»

189 759 307 845 διεξιοίν
314 811 325 846 ,
351 763 403 829 ναί
427 757 443 828 ὃ
468 756 591 828 daonium
604 759 708 845 ,ποιριὶ
723 765 788 825 τῶν
803 751 993 845 πραγμάτων
1006 750 1237 835 καταοτινιίζων
1256 755 1296 821 sd

190 875 247 956 τῆς
265 870 357 943 θείας
381 863 474 951 ὀργῆς
496 862 636 948 ἄφυκτον
657 856 864 950 θαρρούντως
890 854 1109 944 ἀνωμολόγηοε
1127 861 1178 924 καί
1196 857 1323 942 odrico

153 979 297 1040 curione
321 965 441 1054 ἅπίγνω
464 966 543 1052 πρὸς
562 965 620 1050 τὴν
643 971 707 1033 τῶν
733 962 924 1047 τελουμένων
945 958 1211 1048 ἀντιπολοίμηοιν,
1244 963 1299 1028 καί

193 1079 326 1162 ἰλιγγιῶν
340 1071 418 1158 πρὸς
431 1070 506 1147 τούς
519 1065 628 1154 λόγους
644 1065 752 1148 ἔδειξεν
761 1065 858 1150 ἀκοὴν
868 1075 979 1153 χωρεῖν
993 1064 1073 1142 ὅλως
1086 1062 1128 1142 ὥς
1140 1065 1197 1130 οὐκ
1207 1063 1300 1148 izoe-

192 1205 253 1246 οαν
270 1175 311 1244 sd
322 1179 427 1266 πολλρίΙ
442 1173 534 1239 πλίον
553 1171 599 1256 μὴ
625 1168 781 1256 δυνάμενα
797 1171 953 1256 λίγεσθοι.
1004 1169 1085 1254 πλὴν
1100 1168 1135 1234 d’
1152 1168 1232 1235 ιἰλλίι
1245 1169 1299 1234 cui

193 1275 407 1368 περὶτούτων
438 1273 523 1354 ὅπως
543 1273 611 1360 ἴσχε
634 1273 838 1360 διαληπτέον,
873 1271 910 1339 τὸ
938 1277 995 1357 τῆς
1028 1272 1167 1360 ἱστορίας
1183 1279 1299 1370 λεῖπον

192 1381 384 1473 ὑφαίνοντες.
1007 1445 1009 1450 ,
1097 1385 1099 1390 ’
1308 1390 1344 1444 to

153 1499 178 1554 D
301 1485 333 1556 1.
387 1477 533 1568 Καζιίνης
545 1479 602 1566 μίν
620 1471 675 1547 otis
693 1475 711 1546 ri
734 1484 797 1548 τῶν
813 1476 1003 1546 ἀνατολικῶν
1015 1473 1116 1557 Κοίνις
1132 1474 1298 1564 Τοχιίρων,

191 1587 247 1678 ἐφ’
267 1584 302 1667 ’ἐξ
324 1585 422 1674 ι’ίρξας
443 1585 496 1670 ’ίτη
525 1587 577 1650 καί
601 1591 731 1650 πλεῖστα
757 1577 882 1667 μνήμης
911 1577 1178 1668 κατεργασάμενος
1207 1582 1300 1663 ἄξια,

191 1687 512 1775 πιντεκαιτριακοστίιν
538 1683 652 1772 χρόνον
680 1685 736 1753 τὸν
768 1691 826 1770 τῆς
854 1687 934 1770 ζωῆς
961 1684 1087 1762 τελίσος
1121 1682 1302 1771 ἆρποίζιται.

193 1794 365 1882 ουνίφθιτο
388 1791 423 1856 dd
440 1793 492 1857 xci
510 1787 530 1874 ἦ
550 1786 608 1856 ὑπ’
639 1788 726 1878 αὐτῷ
747 1795 810 1884 τῶν
831 1785 913 1854 ὅλων
942 1788 1043 1869 ίλπίς,
1079 1791 1131 1854 καί
1153 1789 1193 1856 τὰ
1215 1789 1301 1880 δεινοὶ

87 1900 178 1956 Ρ819
196 1897 307 1983 ηὔξανε
318 1899 497 1980 πανταχοῦ,
524 1896 576 1960 καί
599 1899 719 1975 μᾶλλον
736 1892 785 1957 dni
809 1893 1035 1976 Φιλαδελφείας
1043 1939 1054 1972 ,
1081 1892 1302 1975 ίπιτιθεμίνων
1311 1900 1346 1956 15

194 2006 258 2069 τῶν
269 2003 463 2092 Καρμανιῦν.
515 1996 627 2098 ίμιῖνος
637 1993 716 2085 γάρ,
742 1996 796 2062 ’ίνα
809 1990 920 2084 μικρόν
934 2018 965 2062 τι
978 2001 1024 2087 τῷ
1046 1990 1129 2088 λόγῳ
1148 1998 1304 2086 προσδια-

264 2181 290 2236 5.
308 2176 417 2252 muns?

195 2335 280 2402 elicit,
304 2337 375 2391 clare
390 2333 515 2418 profitens
532 2349 589 2388 cum
606 2349 688 2388 meam
702 2332 730 2388 in
745 2332 875 2405 plerisque
890 2331 980 2388 horem
997 2331 1158 2388 enuntiandis
1173 2332 1230 2387 sine
1246 2331 1306 2388 dis·

196 2405 358 2459 simnletione
380 2403 486 2488 lrbprem
509 2402 662 2472 fidelemque
685 2402 857 2484 dilipeptiem,
881 2409 933 2456 tom
957 2401 1065 2488 cledipm
1081 2403 1306 2488 cplemitatumqne

194 2472 910 2609 :ltin{tntillntl'ltt&titillet
925 2488 999 2594 :tlt
1014 2479 1220 2611 tirhtil
1237 2489 1307 2594 tin:

195 2611 319 2681 quitatem
339 2615 397 2692 terp
422 2625 455 2678 pe
487 2608 544 2660 lere
558 2608 746 2690 'involventium
769 2625 828 2663 sese
845 2609 881 2692 ‘in
905 2609 997 2662 demna
1021 2613 1111 2693 nostra
1127 2612 1238 2691 dirorum
1257 2627 1307 2664 ca-

196 2675 989 2817 llihlltgltlsstltt,trittenheim
1005 2678 1236 2812 tntilli:
1252 2695 1307 2802 lt:

197 2833 231 2870 ea
246 2815 315 2869 inter
332 2814 442 2885 suspirie
459 2823 485 2868 et
500 2813 618 2867 lacrimes
636 2813 770 2868 effundens
786 2815 812 2869 in
829 2833 905 2870 sures
921 2816 1067 2882 obuiorum,
1091 2817 1141 2868 illis
1162 2817 1309 2872 assentien-

197 2887 285 2949 dbns,
307 2890 433 2954 agnoscet
455 2901 487 2938 ac
509 2883 622 2938 fidenter
645 2885 777 2953 praedicet
792 2885 881 2955 utique
903 2885 1037 2940 manifesto
1053 2885 1198 2938 incumbere
1215 2886 1240 2939 in
1257 2903 1308 2940 nos

197 2955 296 3024 pondm
312 2952 489 3022 pravissimum
504 2953 560 3004 irae
577 2953 694 3018 divinae,
712 2971 744 3006 ea
758 2955 920 3008 vehementia
936 2955 1040 3008 cnidum
1059 2956 1184 3019 inferens,
1202 2955 1243 3008 cui
1260 2971 1310 3008 su·

197 3021 331 3076 etinendee
347 3039 379 3075 ac
396 3026 486 3075 contra
501 3021 658 3075 obmoliendu
674 3023 829 3076 evertendae
846 3024 919 3077 labor
936 3023 1016 3077 omnis
1035 3024 1070 3076 sit
1086 3023 1167 3078 inanis
1184 3031 1212 3076 et
1227 3041 1310 3076 cone·

197 3101 241 3145 tus
264 3093 367 3146 stultns.
400 3089 441 3143 cni
462 3107 539 3161 porro
564 3091 599 3144 sit
620 3091 723 3145 dubium
750 3091 812 3164 quin
834 3093 881 3146 tali
911 3093 1108 3163 praeoccupatis
1130 3093 1258 3147 moestitia
1283 3092 1309 3148 si

197 3159 256 3231 quis
273 3175 383 3230 poscens
397 3159 551 3214 eudientism
566 3177 596 3214 se
612 3161 720 3224 offerat,
743 3161 906 3230 exposituras
932 3179 999 3231 qnae
1023 3166 1165 3230 geruntur,
1186 3169 1309 3216 recusent

200 3235 403 3350 aversenturpue
419 3234 448 3281 et
463 3245 540 3282 auree
557 3228 653 3282 bebere
669 3237 723 3282 tam
739 3231 854 3313 prolixae
871 3229 992 3284 melorum
1007 3231 1096 3284 lliadie
1109 3230 1210 3283 omnino
1227 3248 1310 3314 capa-

201 3313 245 3351 cea
262 3304 356 3366 negent
399 3313 467 3367 quae
483 3315 544 3351 sero
562 3298 644 3351 audiri
662 3316 725 3368 pree
740 3299 883 3352 incredibili
898 3299 1041 3354 acerbitate
1058 3306 1194 3369 nequeunt,
1213 3301 1310 3370 penori

200 3365 301 3420 scilicet
323 3365 424 3420 ratione
448 3365 616 3420 existimanda
639 3375 700 3422 eunt
723 3386 770 3422 nee
785 3367 895 3438 exprimi
912 3369 1020 3421 dicendo
1036 3386 1121 3438 posse.
1156 3386 1245 3423 verum
1264 3377 1310 3422 ut·

201 3451 309 3505 cumque
324 3435 376 3488 ista
392 3441 468 3499 sunt,
491 3451 532 3488 me
549 3435 665 3506 quidem,
692 3433 735 3489 coi
757 3454 829 3490 more
852 3454 902 3490 non
925 3447 966 3490 est
988 3439 1071 3491 libera
1087 3437 1166 3490 debiti
1182 3437 1309 3504 solvendi,

201 3521 331 3557 resumere
346 3502 406 3556 hinc
421 3503 536 3574 protinus
553 3511 657 3574 oportet
673 3505 822 3574 promissam
839 3505 1027 3572 narrationem
1053 3523 1084 3560 sc
1101 3512 1200 3575 partem
1218 3513 1310 3574 guta-

201 3591 258 3626 rum
274 3589 359 3626 rerusn
376 3572 403 3624 in
418 3580 520 3644 tempus
542 3582 719 3628 excurrentem
736 3576 898 3628 subsecutum
918 3581 1012 3630 eventa
1027 3577 1146 3647 superius
1162 3577 1311 3646 ecmcripte

201 3641 326 3696 historiae
342 3641 392 3695 iem
409 3649 469 3695 ente
486 3645 643 3714 compositae
663 3643 833 3697 continuando
850 3647 994 3699 subtexere.

271 3715 294 3764 1.
332 3710 449 3764 Cazaees
464 3710 546 3780 igitur
559 3712 729 3766 Orientalium
744 3713 826 3766 Kenio
839 3713 1015 3768 Tocharorum
1037 3730 1094 3768 cnm
1111 3713 1145 3778 ad
1163 3730 1209 3768 aex
1226 3730 1310 3766 annos

200 3781 351 3850 importaret
361 3785 389 3832 et
401 3779 592 3850 plurimadigne
603 3782 723 3836 memorie
735 3783 850 3848 lecisset,
865 3782 954 3852 quinto
967 3790 994 3835 et
1006 3783 1136 3837 tricesimo
1143 3783 1245 3851 expleto
1261 3798 1312 3834 ae-

200 3849 263 3901 tatis
280 3865 346 3902 enno
362 3848 472 3932 rapitur.
506 3849 585 3920 periit
601 3868 658 3903 cum
675 3870 705 3905 eo
723 3852 798 3906 simul
819 3858 874 3905 tota
890 3869 958 3921 quae
975 3851 1090 3906 arridere
1107 3858 1230 3920 coeperat
1245 3866 1310 3920 spes

199 3917 374 3970 restituendae
395 3916 502 3987 imperio
519 3919 634 3972 Romano
658 3921 863 3990 tranquillitatim
886 3929 914 3974 et
937 3938 968 3974 eo
995 3921 1039 3990 qui
1060 3920 1129 3974 solue
1152 3927 1256 4002 poterat
1280 3927 1311 3972 et

201 3987 265 4038 velle
282 3985 430 4040 ostenderat
446 3995 526 4056 atque
543 3987 608 4042 adeo
624 3989 673 4043 iem
691 3996 812 4058 coeperet
829 3991 951 4043 coercere
971 3990 1095 4042 berberos
1111 3989 1162 4059 ipat
1177 3987 1311 4042 subiectos

200 4056 330 4116 ernostris
346 4054 493 4123 regionibus
508 4057 642 4111 nermedis
659 4057 789 4111 demedio
806 4059 916 4128 sublato,
936 4075 987 4112 non
1004 4077 1035 4112 eo
1052 4059 1132 4114 solum
1149 4062 1238 4111 tenore
1255 4073 1311 4140 quo

201 4139 248 4175 coe
266 4129 356 4188 amnt,
378 4123 423 4176 sed
449 4126 592 4192 augmentis
613 4134 771 4194 exaggerate
790 4127 951 4194 gravioribus
969 4127 1035 4182 mela
1051 4129 1077 4182 in
1095 4146 1142 4182 noe
1159 4127 1254 4197 ubique
1271 4144 1312 4180 ιτ-

201 4207 247 4242 rue
266 4196 319 4256 ent,
335 4192 489 4274 praesertim
505 4202 590 4248 eutem
608 4195 813 4266 Philadelpbiee‚
833 4195 1000 4250 redeuntibus
1017 4199 1072 4250 lero
1091 4202 1186 4266 impetu
1203 4197 1236 4250 ed
1253 4196 1311 4248 eius

202 4267 416 4330 oppugnationem
428 4261 571 4320 Carmanis.
606 4263 726 4320 Gerenos
739 4264 824 4334 (etde
840 4265 934 4322 illuatri
951 4266 979 4322 in
996 4265 1086 4339 paucis
1101 4264 1221 4338 principe
1237 4264 1310 4320 breui
