2782 4792
409 289 490 364 utu
511 289 871 414 1.ttiutstltltttt
1110 295 1193 368 lib?

80 452 262 560 δναιταδδας
280 461 345 534 ταῖς
361 458 420 524 alra
441 457 587 526 immeo
609 457 668 542 cira
687 454 946 543 satiricorum,
925 483 963 536 ας
984 460 1037 528 aul
1061 456 1115 526 atu
1115 460 1192 546 αγδς

78 539 159 629 ἔλεγ’
144 569 180 610 ον
194 567 282 620 τινες.
325 541 358 606 in
381 541 471 624 quam
489 537 667 610 seutentiam
692 546 755 608 duo
768 546 916 608 bleuraiua
928 547 1100 610 testimonla
1118 549 1191 612 alla-
1213 565 1219 572 ·

78 641 140 710 gat,
162 631 290 694 alterum
305 631 459 692 basilicon
472 631 577 710 Eulog.
592 633 634 698 58
651 624 708 696 loir
723 653 768 708 τις
784 626 944 734 παρτλᾶσρ
958 634 1032 712 μίαν
1047 637 1125 716 γοῦν
1136 630 1190 700 u’t-

78 709 195 799 tepsir,
214 740 258 780 το
250 711 499 822 τετραπλάσιον
512 721 568 796 τῆς
587 719 643 780 τοῦ
669 711 747 791 ζόαν
767 721 857 798 τιμῆς
876 713 1002 795 διδότω,
1023 719 1153 782 alterum
1172 741 1191 784 o

77 803 187 881 glossis
202 801 355 862 veteribus
357 797 517 882 ,σταθμός
525 805 604 877 ζῶον
613 798 761 882 δρομαιδν
770 804 866 879 (torte
879 763 1040 882 legendhur
1052 801 1191 887 σταθμὸς

79 883 166 963 ζόαν
181 883 387 966 δρομιτιαῖν)“
367 911 403 962 ος
421 886 593 970 λέγεται
552 911 611 951 ναν
626 883 753 970 dilapsi
796 908 900 950 vuum
916 887 994 948 nihil
1008 888 1083 950 hino
1098 891 1188 952 elicio

77 973 162 1052 quod
180 972 375 1038 declarationi
394 972 524 1033 duorum
543 993 620 1052 quae
641 991 787 1072 propoaur
779 973 938 1036 'locorum
952 973 1093 1037 sulliciat.
1135 995 1188 1038 rc-

77 1058 164 1156 perio
181 1051 315 1139 α’λλαγᾶς
331 1067 483 1140 praetereo
502 1067 600 1118 veatae
617 1058 679 1118 dici
700 1057 915 1140 speciosioree,
927 1068 1060 1122 ornatur
1084 1061 1187 1141 potius

77 1145 111 1202 in
126 1145 202 1204 sesto
223 1153 278 1204 sut
298 1164 409 1224 pompa
423 1163 516 1224 quarn
530 1143 716 1211 necessitatis
734 1153 788 1204 aut
800 1163 873 1206 uana
885 1145 985 1206 civilia
999 1145 1095 1224 gratia
1105 1147 1187 1206 sumi

77 1227 194 1292 solitar.
235 1229 369 1290 Codiuua
387 1229 442 1295 lib.
459 1228 496 1290 de
511 1227 601 1291 ostie.
616 1249 644 1332 ,⁰·
659 1231 699 1297 10
718 1249 751 1294 n.
766 1233 804 1294 7:
833 1228 972 1294 ἔπειτα
955 1253 972 1300 o
991 1229 1187 1337 πατριάρχης,

77 1319 196 1422 μᾶλλον
211 1310 245 1378 δὲ
259 1313 292 1378 oi
304 1309 485 1397 πατριάρχαι
499 1314 528 1378 ei
543 1309 692 1396 παρόντες
709 1313 804 1391 alolv,
820 1313 1064 1396 ἐνδεδυμένοι
1027 1339 1082 1390 τας
1095 1321 1186 1378 otio

76 1395 135 1480 poio
154 1393 268 1463 αδταῖν.
310 1399 371 1479 agit
390 1400 429 1460 de
450 1419 562 1480 pompa
578 1399 638 1460 diei
650 1399 830 1465 Palmarum.
872 1411 970 1461 vectes
990 1419 1114 1508 cpuoque
1129 1401 1188 1462 im-

76 1483 211 1565 peratori
225 1484 328 1546 eadem
341 1485 531 1546 solemnitate
542 1484 667 1550 miuus
681 1505 711 1548 n.
726 1490 746 1552 8
762 1495 924 1547 vocaverat
934 1482 1118 1568 ἆλλαγριατα,
1138 1487 1186 1548 uti

77 1579 109 1630 et
130 1589 162 1634 u.
183 1567 400 1632 iveatisuenta
419 1573 481 1634 raia
504 1563 656 1654 ἀρχόντων
675 1569 850 1652 principum
874 1579 927 1632 aut
952 1571 1186 1653 praecipuorum

75 1655 321 1732 magistratuum,
343 1675 490 1762 apparere
506 1656 670 1718 cerimonia
686 1656 740 1717 teli
754 1655 1031 1738 splendidohabitu
1047 1678 1086 1718 err
1100 1675 1186 1719 more

73 1739 268 1817 debentium,
292 1734 466 1823 διδάγματα
481 1743 594 1821 pariter
611 1741 739 1804 dixerat.
781 1741 903 1803 ridetur
925 1741 1000 1802 haec
1020 1743 1185 1823 appellatio

76 1825 214 1887 derivata
228 1845 244 1886 e
261 1827 353 1886 aaoria
367 1827 480 1903 literis,
501 1827 555 1888 ubi
569 1827 747 1892 vestimenta
762 1827 930 1906 quaedam
921 1827 1084 1905 insigniora
1097 1849 1185 1888 oom-

75 1920 180 1992 parsta
195 1911 294 1991 potina
309 1913 347 1973 ad
361 1912 490 1993 speciem
503 1931 592 1992 quam
605 1911 644 1974 ad
657 1913 812 1990 vulgarem
826 1931 916 1972 usum
931 1906 1037 1974 nassis
1054 1934 1072 1972 a
1092 1913 1187 1974 verba

76 1988 136 2072 ἤδη
158 2007 279 2056 mutare
300 1997 447 2058 dicuntur
470 1995 521 2058 lV.
536 1998 607 2077 lieg.
622 2016 654 2062 τ.
668 2000 689 2063 6
712 2006 742 2058 et
762 2001 813 2062 22
842 1997 936 2060 lasiae
954 2017 1028 2059 vero
1050 2001 1072 2064 3
1093 2003 1136 2064 22
1156 2006 1189 2058 et

76 2080 262 2142 Zachariao'
253 2092 324 2141 rtem
339 2089 358 2150 8
381 2084 403 2149 4
421 2091 572 2144 vocantur
587 2075 715 2158 ntxbnn,
737 2082 866 2162 adquae
882 2082 983 2142 omnia
997 2083 1066 2142 loca
1078 2081 1187 2143 Hiero·

74 2185 185 2248 nymna
202 2170 376 2228 mutatoria
390 2168 616 2273 iuterpretatur.
660 2127 778 2230 dubbus
790 2187 864 2228 vero
876 2166 1030 2248 prioribus
1044 2165 1120 2227 louis
1135 2187 1186 2227 se-

75 2253 234 2334 ptuagiuta
249 2254 381 2314 seniores
397 2246 746 2334 determinarentur
765 2272 823 2333 pro
837 2244 943 2315 ntusbn
954 2252 1104 2313 reddunt:
1125 2251 1186 2312 Ge·

47 2401 49 2404 ,
75 2338 157 2400 unis
174 2357 246 2398 vero
268 2337 310 2404 45
333 2344 377 2406 22
395 2337 447 2416 (de
461 2358 522 2419 quo
535 2340 604 2399 loco
622 2359 694 2400 mox
702 2339 840 2418 agemus)
859 2331 1098 2415 ἐξαλλασσούσας
1118 2353 1186 2401 oros

74 2417 139 2496 iric.
180 2421 256 2484 haec
274 2444 330 2486 nor
348 2432 474 2486 movent
491 2434 526 2484 ut
540 2423 629 2486 initio
645 2423 811 2504 propositis
829 2422 968 2484 historici
988 2423 1088 2483 nostri
1109 2422 1188 2484 locis

74 2527 201 2568 munera
214 2509 413 2616 pretiopamm
424 2509 557 2572 vestium
574 2510 611 2570 ab
625 2507 804 2572 Andronico
820 2508 1005 2574 honorandis
1017 2507 1187 2607 hospitibus

73 2593 211 2674 impensa
224 2595 285 2654 dici
301 2589 432 2678 dituyoic
447 2606 597 2676 putemua.
631 2616 711 2660 aune
721 2595 916 2676 perantiquus
932 2614 998 2655 mos
1010 2593 1187 2676 principum

75 2698 163 2740 caros
182 2679 312 2740 advenas
343 2680 486 2746 donativo
514 2681 742 2762 splendidarum
763 2682 892 2742 vestium
914 2679 1104 2756 demerendi,
1124 2679 1187 2740 iam

59 2763 146 2826 ¹inde
167 2784 186 2824 a
207 2763 326 2846 loaepbi
346 2764 484 2846 Aegypto
504 2767 681 2849 praepositi
689 2766 877 2848 temporibus
898 2774 944 2826 eat
960 2764 1084 2827 celeber.
1134 2765 1188 2836 ille

72 2850 386 3015 titttiztttlt,
392 2847 1188 3050 tttzt-ffitntttidtt‘ttttffittt

73 3029 158 3099 gatus
172 3022 316 3098 auctoris)
326 3021 461 3102 prcfim'
483 3025 577 3082 iuarit
590 3023 680 3082 hinne
692 3023 813 3083 stolam
843 3023 1011 3081 Beniamin
1028 3041 1098 3081 vero
1112 3016 1188 3101 (uti-

72 3125 134 3184 que
146 3125 288 3183 germano
302 3125 374 3186 prae
388 3108 513 3170 caeteris
525 3109 650 3184 dilecto)
673 3107 759 3168 dedit
778 3117 923 3166 trecentos
942 3115 1101 3186 urgentior
1115 3125 1188 3166 cum

72 3194 212 3270 quinque
231 3192 322 3251 stolis
346 3195 480 3274 optimis.
529 3195 563 3254 in
582 3193 708 3255 historia
731 3211 851 3274 quoque
875 3193 1009 3271 Augusta
1034 3191 1187 3254 Romanoa

70 3276 270 3357 imperatores
281 3278 435 3338 murmuri
448 3279 553 3340 solitos
567 3279 709 3360 pretiosis
724 3277 858 3339 vestibus
871 3297 948 3359 quoa
962 3277 1076 3338 vellent
1088 3277 1188 3337 hono-

70 3381 149 3440 rare,
172 3362 209 3422 de
222 3362 394 3424 Alexandro
408 3366 519 3426 Severo
535 3366 697 3428 refertura
712 3364 901 3445 Lampridio,
924 3365 960 3423 de
974 3363 1073 3424 Probo
1086 3383 1102 3420 a
1115 3363 1187 3421 Ple*

70 3447 124 3508 rio
144 3447 289 3528 Vopiaoo.
345 3467 435 3530 quem
464 3451 538 3512 olim
564 3471 681 3512 rnorem
702 3449 735 3508 iu
761 3451 829 3510 aula
854 3446 1186 3528 Constantinopolitano

71 3531 275 3594 Orientalium
292 3533 454 3596 Caesarum
474 3536 624 3614 rignano,
646 3544 855 3616 praeterquam
870 3534 904 3596 hi
921 3533 1112 3613 Pachymeria
1124 3531 1186 3591 looi

70 3617 227 3695 indicant,
250 3619 340 3678 etiam
362 3629 463 3701 potest
485 3621 615 3700 intelligi
634 3642 673 3682 ex
700 3621 917 3682 consuetudine
930 3617 1102 3680 'Turonum
1120 3617 1187 3680 itta

68 3701 163 3764 hodie
179 3706 387 3782 regnantium,
410 3725 487 3785 quoa
500 3707 534 3767 in
551 3707 781 3768 admissionibur
794 3708 962 3786 legatorum
981 3703 1187 3783 insigniumva

67 3807 268 3868 personarum
281 3791 434 3852 donativis
449 3793 561 3855 talibus
575 3804 750 3869 oraturum,
771 3801 805 3854 ut
819 3792 913 3870 vulgo
928 3799 1051 3867 vocant,
1072 3787 1185 3868 passim

68 3874 118 3934 uti
141 3883 331 3984 compertum
353 3885 408 3940 eat
450 3887 481 3938 et
503 3878 656 3940 Andream
676 3878 770 3958 igitur
791 3888 821 3939 et
836 3875 1053 3959 blpyrigerium
1066 3873 1186 3953 Pacby

67 3978 185 4036 meree,
209 3961 282 4022 dum
298 3955 442 4046 turpati
458 3963 496 4023 ab
511 3964 686 4026 Andronico
706 3963 873 4026 honoratos
894 3961 1015 4037 scribit,
1038 3958 1187 4038 significet

68 4044 160 4108 donia
179 4048 380 4126 pretiosarum
397 4057 428 4110 et
443 4050 645 4131 speciosarum
659 4049 787 4116 realium
797 4070 863 4110 non
875 4045 1186 4108 remaledicebam

66 4128 218 4192 hacteuua
235 4133 431 4214 scriptorem,
454 4137 577 4215 qnando
595 4135 703 4198 sorte
693 4155 726 4194 ns
742 4136 846 4195 locum
866 4132 961 4204 iuoidi
979 4130 1187 4212 paraphrastis

67 4213 210 4276 Vaticani
226 4239 287 4297 quo
304 4219 498 4282 declaretur
488 4241 597 4304 speum
593 4222 636 4282 in
656 4221 759 4282 eadem
774 4239 892 4280 mecum
911 4219 949 4277 de
961 4227 1111 4298 potestate
1126 4235 1187 4277 voe

2 4338 12 4356 ·
67 4300 117 4363 oia
133 4295 250 4386 τ’λλαγή
274 4306 421 4368 sententia
438 4306 550 4386 luisse,
579 4305 765 4388 siquidem
754 4325 783 4384 aa
798 4305 858 4367 illa
878 4303 972 4374 verbu
993 4301 1187 4385 Pachymaria

111 4395 247 4470 haagen
268 4397 441 4471 Pachynum
462 4399 502 4454 ll.
932 4388 976 4456 42
