2888 4884
254 285 255 288 ‘
296 243 300 256 ¹
336 299 667 370 οεψιαοιιοαισο
693 297 975 368 ramnoaouo
1001 300 1117 372 a.1v.
1195 301 1273 372 367

137 553 139 558 Ι
169 473 269 540 πείθει
294 475 345 539 καλ
369 473 441 550 τούς
472 473 659 554 λθύλοντας,
699 469 736 538 σύ
769 466 977 555 προστάσσων
1003 476 1171 552 βασιλικῶς
1198 466 1271 538 ἀλλ’

170 577 270 664 ἀφιεὶς
294 571 414 666 ἱιύστῳ
436 575 473 642 τὸ
496 571 711 655 αὐτεξούσιον,
738 572 820 658 πλὴν
846 580 892 664 τῷ
913 577 956 651 εἰς
973 574 1062 650 τύλος
1082 570 1273 640 κεκοπιαιιύτι

170 677 305 766 μεγάλην
328 681 379 745 καὶ
401 677 526 765 ἀγαθὴν
550 673 737 765 λγγυιύμενος
760 677 817 760 τὴν
836 676 897 744 almi
917 683 974 744 τού
991 675 1106 763 ἀνδρὸς
1125 675 1281 768 εὐλογίαν.Ι

172 783 257 860 ὅσοις
277 783 312 848 dd
337 785 387 849 καλ
408 782 549 868 γέρουσιν
570 775 639 848 ούσι
660 783 837 868 πεζοπορεΐν
857 778 914 847 σύν
934 773 989 866 ἦν,
1026 781 1074 846 ἐπὶ
1097 786 1205 864 πηλοῖς
1226 781 1278 846 καλ

147 893 271 956 scodra
286 887 338 952 uel
351 885 479 968 τέλμασι
491 891 641 969 χειμῶνος
656 882 745 960 ὄντος
753 932 763 964 ,
785 880 908 960 τούτοις
930 885 980 948 καλ
992 883 1096 950 λ’ππων
1112 884 1277 965 leopoldo
1299 883 1300 886 ¹

172 989 263 1077 ἠφίει.
316 990 371 1054 καί
381 1014 413 1073 γε
428 979 543 1076 προῆγε
559 987 695 1073 σημείοις
707 989 769 1053 roal
783 985 1040 1071 τεκμαιρομένους
1061 986 1100 1051 τὰ
1115 993 1172 1070 τῆς
1185 983 1271 1054 ὁδοῦ.
1289 993 1313 1046 l)

171 1098 273 1159 raico
296 1094 350 1157 uel
365 1117 444 1168 τινες
465 1092 522 1176 μὲν
541 1098 604 1158 τῶν
628 1088 793 1176 ολρχιερύων
805 1091 856 1156 καλ
872 1096 935 1156 τῶν
950 1093 1096 1174 μοναχαλν
1111 1089 1273 1177 ἔπραττον,

173 1195 262 1262 ἄλλοι
291 1197 325 1260 δὲ
353 1195 437 1275 πεζοὶ
473 1196 553 1286 πεζῷ
588 1189 791 1278 συνωπήιλουν
826 1199 871 1282 τῷ
899 1197 1030 1276 βασιλεῖ.
1093 1197 1138 1280 τῷ
1170 1191 1277 1275 μέντοι

173 1297 206 1384 γ’
225 1299 453 1383 Ἀλεξανδρείας
477 1301 529 1365 καλ
560 1293 695 1363 ἱππεύειν
727 1295 937 1381 προστέτακτο
966 1298 1017 1362 καλ
1041 1295 1078 1362 τύ
1109 1290 1277 1379 πρόσωπον

131 1401 307 1486 εοῖγνωστο
330 1403 380 1466 stol
404 1399 444 1467 rol
467 1407 525 1484 τῆς
549 1395 703 1479 ἀξιώσεως
728 1395 922 1483 λελιτιύρητο.
980 1401 1031 1464 καλ
1059 1398 1203 1482 βασιλεύς
1219 1399 1277 1479 μὲν

174 1503 298 1588 ἤλπιζεν
320 1503 382 1570 lot
395 1503 450 1570 τὸν
470 1503 570 1589 ἄνδρα
594 1507 798 1586 καταλαβεῖν,
824 1502 937 1579 ἐκεῖνος
952 1501 986 1568 δὲ
998 1498 1055 1586 τὴν
1069 1507 1127 1568 τοῦ
1140 1497 1275 1588 μεγύλσυ
1292 1509 1314 1564 P
1333 1509 1384 1592 252

173 1606 292 1688 πατρὸς
302 1604 492 1674 Ἀθανασύου
514 1608 704 1692 λειτουργίαν
723 1601 917 1689 σκεψάμενος
931 1602 1092 1690 ἐπορεύετο
1112 1604 1164 1671 ἐπ’
1181 1604 1277 1673 οἶύισυ.

174 1711 225 1776 καὶ
240 1703 278 1793 ἦν
292 1709 434 1777 drasidas
451 1707 527 1797 ὅριλν
549 1708 677 1794 ἄπειρον
697 1714 821 1793 πλῆθος
836 1711 904 1795 περλ
926 1708 980 1775 τὸν
994 1707 1132 1789 ἄναντα,
1160 1705 1277 1796 ῥύακας

172 1809 363 1897 μιμούμενον
385 1820 549 1896 ποταμοῦ,
577 1815 619 1888 εἷς
637 1809 672 1876 ’ἓν
686 1809 854 1879 συνιόντων
875 1813 925 1877 col
939 1819 1132 1897 προθυμίαις
1143 1807 1286 1888 ἁπάσαις

134 1927 167 1983 15
175 1910 392 2000 ἐπεισρεόντων
398 1962 409 1996 ,
438 1915 515 1982 ὅπου
529 1941 562 2002 γε
576 1911 755 2000 προστάξειε
768 1911 931 1997 βασιλεύς,
957 1919 1143 1999 ναρτεριιιῶς
1156 1917 1208 1981 καλ
1220 1920 1278 1980 τοῦ

174 2018 326 2101 βασιλέως
350 2017 408 2102 τὴν
430 2015 504 2085 ὁδὸν
522 2011 703 2094 διανύοντος
713 2066 723 2098 ,
750 2019 808 2094 loe
827 2008 865 2082 ού
881 2016 938 2101 τὴν
953 2023 1010 2100 τῆς
1024 2014 1099 2083 ddosi
1112 2014 1203 2098 μόλις
1218 2019 1280 2082 διε-

176 2117 329 2206 νεγιιύντες
351 2121 530 2206 ύυσχύρειαν
559 2129 629 2196 ταῖς
658 2119 770 2198 πύλαις
794 2120 965 2203 ἐπέστησαν
993 2126 1049 2203 τῆς
1073 2125 1188 2202 μονῆς,
1227 2122 1280 2183 καλ

177 2223 378 2313 ἀνεῳγμὶναις
400 2225 479 2291 κατὰ
500 2219 649 2313 πρόνοιαν
675 2233 744 2301 ταῖς
769 2223 818 2289 ἐπὶ
836 2217 961 2312 χρόνοις
973 2221 1195 2305 νιετλεισμύναις
1214 2221 1279 2288 ἔνι’-

175 2353 279 2412 τυχον.
1030 2345 1036 2356 “

175 2531 262 2578 nslam
279 2523 366 2588 illum,
379 2521 492 2588 invitans
509 2530 539 2577 ut
555 2541 584 2580 se
601 2524 645 2594 qui
662 2523 759 2588 sedeat
774 2528 959 2594 sequerentur,
972 2527 1115 2596 praecepto
1133 2540 1183 2580 noa
1200 2523 1283 2578 iater-

186 2595 189 2602 “
210 2594 269 2660 sito,
286 2594 333 2646 ssd
349 2609 396 2646 aas
413 2593 505 2662 auique
522 2592 604 2648 libera
620 2592 712 2647 relicta
728 2595 874 2658 voluntate,
902 2599 1030 2648 caeterum
1048 2593 1146 2648 cunctis
1163 2610 1227 2663 quos
1243 2591 1282 2644 la·

195 2679 265 2715 orem
290 2662 366 2718 istius
392 2661 558 2731 profectionis
581 2665 698 2732 perferre
718 2662 751 2715 ad
777 2669 915 2716 extremum
936 2679 986 2716 non
1012 2663 1155 2734 piguisset,
1181 2661 1281 2730 smplae
1308 2695 1310 2699 -

176 2731 302 2783 mercedis
314 2737 315 2740 ’
325 2734 382 2784 loco
406 2730 568 2800 despondeas
590 2747 706 2801 magnam
730 2736 758 2784 et
775 2733 864 2784 bonam
883 2730 931 2784 viri
947 2731 1002 2786 eius
1019 2732 1160 2786 admirandi
1175 2729 1283 2784 benedi·

102 2841 104 2844 .
177 2799 297 2855 ctionem.
332 2800 354 2851 si
372 2798 415 2868 qui
434 2807 517 2852 autem
535 2799 607 2854 aenio
624 2799 723 2856 debiles
738 2799 811 2870 sequi
828 2801 933 2871 pedibas
950 2802 1097 2921 nerpuirent‚
1116 2800 1224 2855 manne
1241 2799 1281 2851 lu-

177 2869 242 2922 tosis
260 2878 289 2921 et
308 2877 338 2920 ut
353 2868 381 2921 in
399 2869 462 2920 urbe
478 2876 552 2921 tenta
569 2886 616 2939 per
632 2870 738 2922 hiemem
755 2886 833 2922 coeno
850 2869 944 2938 passim
962 2869 987 2920 lu
1006 2869 1067 2922 ricis
1082 2875 1110 2922 ot
1127 2867 1281 2922 deformibus

177 2935 283 3007 plateis,
300 2936 341 2990 llis
358 2944 387 2990 ut
404 2953 483 3006 equos
501 2936 681 2991 inscenderent
696 2936 821 3010 permisit.
856 2937 893 2989 ita
910 2937 966 3005 ipse
984 2938 1101 3008 praeiens
1118 2937 1228 2989 ducebat
1244 2937 1282 2989 si-

176 3006 235 3074 gnis
256 3005 306 3058 iam
331 3023 346 3058 e
371 3004 523 3076 quibusdam
548 3007 720 3062 coniectantes
744 3024 795 3076 quo
811 3005 854 3058 ria
874 3005 1036 3074 dirigeretur.
1072 3007 1145 3076 equis
1163 3004 1282 3074 στρατιαὶ

177 3081 269 3128 sante
288 3073 430 3142 ionoporum
448 3079 475 3127 et
490 3077 670 3130 monachorum
692 3075 812 3146 quideme
838 3074 929 3142 reliqui
951 3075 1051 3143 pedicae
1073 3075 1187 3144 peditem
1210 3091 1281 3128 usse-

178 3092 314 3198 erabenlur
331 3147 479 3212 Augustum.
513 3145 556 3214 qai
580 3159 636 3198 oum
658 3146 726 3197 lorte
748 3143 946 3197 Alexandrinum
968 3144 1139 3213 patriarcham
1162 3159 1213 3196 aon
1233 3143 1281 3196 ob·

177 3220 297 3266 servaret
312 3212 338 3264 in
355 3213 433 3266 turbs
450 3214 619 3282 sequentium,
636 3214 708 3268 cuius
728 3221 814 3266 tamen
831 3211 955 3280 suffragio
972 3214 1132 3282 comprobari
1149 3230 1214 3282 quaa
1231 3211 1281 3264 fie-

176 3288 237 3336 rent
253 3298 407 3350 magnopere
423 3289 536 3350 opturet,
552 3283 623 3337 misit
638 3283 672 3336 ad
689 3299 745 3335 eum
765 3283 809 3352 qul
826 3287 853 3336 et
869 3289 933 3351 equo
950 3282 1069 3336 iuberent
1085 3282 1133 3347 uti,
1148 3288 1176 3335 ct
1192 3297 1281 3334 nomeu

176 3349 272 3404 occulti
290 3349 359 3403 vatis
375 3349 532 3414 iudicarent,
555 3361 583 3404 et
605 3369 621 3406 a
643 3370 674 3405 se
689 3351 824 3420 diligenter
840 3355 945 3404 orarent
960 3369 993 3404 ne
1011 3352 1065 3405 eius
1082 3351 1171 3405 honori
1188 3351 1282 3404 adver-

177 3427 289 3472 saretur,
325 3421 390 3471 hace
406 3417 566 3472 Andronicus
579 3421 620 3484 ‚sic
637 3421 775 3473 mandabat
795 3419 1033 3489 deprehendendum
1055 3422 1138 3477 adhuc
1160 3419 1185 3474 iu
1208 3419 1282 3489 pala-

178 3489 224 3553 tio,
236 3487 281 3540 abl
299 3485 414 3541 concioni
430 3488 575 3554 adstiterat,
593 3488 789 3544 Alexandrinam
806 3495 955 3542 autumans:
972 3495 1059 3544 verum
1077 3489 1128 3554 ille,
1145 3493 1283 3559 praetextu

178 3557 348 3609 celebrandae
364 3557 483 3626 liturgiae
507 3558 591 3626 magni
614 3559 696 3628 patris
712 3558 861 3621 Athanasii,
885 3555 984 3610 domum
1002 3575 1092 3612 versus
1108 3559 1159 3612 lter
1176 3575 1282 3628 praece-

178 3633 264 3694 perat.
305 3633 364 3679 erat
393 3627 513 3696 deinceps
537 3625 683 3694 spectaculo
706 3629 851 3700 constipata
880 3625 949 3679 circa
974 3626 1154 3696 imperatorem
1183 3626 1284 3680 infinita

178 3694 331 3758 multitudo,
357 3694 489 3750 momentis
512 3695 617 3772 singulis
638 3696 781 3752 increscens
806 3713 864 3748 sese
880 3697 1082 3763 aggregautibus
1098 3697 1184 3749 eodem
1202 3693 1284 3765 plenis

178 3763 253 3832 quasi
264 3765 422 3824 torrentibus
433 3763 529 3836 populi,
540 3765 628 3818 effusis
644 3763 757 3833 undique
774 3761 866 3818 studiis
882 3763 911 3816 in
928 3781 1003 3817 unum
1021 3765 1180 3826 confluentis,
1195 3763 1283 3832 proni-

178 3847 231 3901 que
247 3831 389 3885 delabentis
405 3831 457 3904 quo
475 3834 574 3886 demum
592 3849 691 3905 cunque
708 3833 883 3904 praecepisset
906 3834 1062 3902 imperator,
1088 3837 1285 3905 perseveranter

179 3899 281 3954 iuterim
299 3905 326 3953 et
342 3899 399 3970 ipso
418 3904 532 3970 Augusto
555 3903 709 3974 gradiente,
735 3905 820 3972 quoad
844 3903 887 3955 rix
906 3902 1009 3958 tandem
1025 3901 1154 3971 superatis
1171 3900 1228 3953 riae
1245 3900 1286 3954 hi-

179 3967 277 4024 uernae
293 3969 487 4024 difficultatibus
509 3971 541 4024 ad
560 3977 648 4041 portas
665 3972 815 4026 monasterii
836 3987 994 4039 pervenere,
1017 3987 1081 4042 quas
1099 3977 1126 4024 et
1142 3968 1226 4022 multis
1242 3985 1287 4022 ra-

179 4047 222 4091 ιτα
233 4038 307 4093 cums
318 4039 424 4104 ολιαιατ,
436 4041 545 4113 quadam
557 4053 619 4096 tunc
629 4039 791 4112 providentia
802 4049 931 4096 reseratos
944 4047 1103 4110 repetentes
1115 4038 1285 4124 ollepderuat.
1375 4079 1376 4082 ι
