3188 4784
414 277 492 352 854
717 273 960 350 OBSERVAT.
984 275 1228 346 recurunt.

429 440 487 486 asu
526 438 644 484 Romane·
662 436 788 496 lupulto

519 501 569 533 rom
603 503 637 534 ou·
694 502 756 536 man.

569 551 628 585 cora.

604 605 638 638 aa.
664 594 698 636 An
743 592 790 638 alal

417 673 502 804 ¹³0³.
581 704 783 826 meo

707 843 748 904 10

823 452 854 505 et
868 442 1123 526 SolymampaxIm
1136 442 1247 506 ducem
1259 442 1425 504 exercitus
1435 439 1542 503 barba·

823 551 929 592 rorum
942 529 1132 592 Nicomediae
1144 530 1299 606 minantis,
1324 549 1456 590 servare
1466 529 1540 590 illam

824 615 930 678 urbem
951 618 1075 698 satagit,
1100 625 1132 676 et
1152 615 1290 676 minuere
1316 615 1539 694 aliquantulum

823 703 893 764 belli
907 703 1019 762 atrocis
1035 702 1128 779 mala;
1150 722 1210 781 qua
1224 701 1259 762 ln
1275 719 1314 762 re
1330 723 1401 763 non
1414 701 1541 764 multu

824 788 954 870 proficit.
998 785 1092 851 ilc.
1108 791 1160 852 80.

866 875 939 934 Post
951 873 1109 954 synodicas
1117 871 1354 932 deliberationes
1365 871 1537 932 drcaloau-

824 959 871 1020 nis
885 960 1009 1020 cosmae
1023 957 1212 1039 patriarchae
1228 959 1419 1034 caesionem,
1442 968 1474 1018 et
1489 978 1537 1017 ra-

823 1045 884 1106 rias
905 1045 1057 1125 utrimque
1076 1045 1136 1106 ista
1156 1044 1317 1106 occasione
1340 1043 1439 1104 tricas
1460 1063 1486 1104 c.
1500 1047 1533 1109 81

824 1135 866 1196 82
881 1140 1071 1208 memoratae,
1092 1149 1126 1192 re
1141 1129 1242 1190 adhuc
1255 1127 1398 1190 indecisa
1412 1130 1537 1210 impera·

823 1225 888 1293 tor,
910 1235 962 1297 spa
980 1215 1230 1278 attrahendorum
1246 1213 1536 1276 Arsaniauorumio

823 1321 893 1362 enas
911 1311 1013 1383 partes
1031 1301 1166 1362 ostendit
1184 1319 1215 1361 se
1239 1319 1304 1360 non
1329 1299 1500 1362 abhorrere
1521 1321 1536 1358 r

824 1388 1014 1468 promotione
1035 1387 1165 1469 episcopi
1185 1385 1479 1461 Marmaritziensia,
1503 1385 1536 1445 ab

823 1473 904 1533 iisod
911 1470 1536 1553 hocnominati,inpatriarchrm.ttcra

865 1575 993 1637 tdichael
1015 1575 1166 1656 Augustus
1182 1573 1283 1634 iunior
1305 1574 1537 1637 vehementiori-

823 1661 880 1722 mis
893 1662 1053 1723 insultibus
1068 1662 1225 1721 Persarum
1241 1660 1424 1722 resistendo
1438 1663 1536 1742 impar,

779 1787 789 1796 -.
823 1748 966 1828 Pergamo
980 1747 1121 1826 Cyzicum
1136 1745 1266 1822 recedit;
1287 1766 1328 1805 ac
1344 1767 1385 1808 ne
1400 1748 1467 1808 illic
1477 1747 1536 1828 qoi-

424 3979 793 4000 *n*

422 4057 503 4122 ¹304
527 4041 649 4140 Bealaxdlat.
679 4045 779 4092 aruns

674 4107 788 4230 „iia

632 4243 751 4318 ,11

80 4479 168 4506 ,
243 4597 451 4770 Δ

825 1833 894 1893 dem
908 1853 940 1894 se
959 1842 1062 1894 tutum
1077 1831 1217 1907 sentiens,
1245 1831 1341 1912 Pagae
1350 1878 1359 1911 ,
1383 1853 1467 1913 quae
1482 1841 1536 1893 erat

824 1920 898 1980 urbs
926 1918 1077 1981 maritime
1106 1917 1327 1997 munitissima,
1362 1937 1398 1978 ac
1426 1919 1534 2000 recipit

824 2005 846 2068 l.
863 2006 924 2072 50.
941 2009 992 2072 10.

865 2106 1036 2166 Bonifacius
1050 2105 1117 2167 VIII
1133 2124 1268 2166 summus
1282 2106 1437 2186 pontifex
1452 2107 1534 2168 mosi-

823 2201 877 2254 tur
891 2193 1004 2254 Itomae
1018 2193 1039 2262 5
1051 2191 1123 2254 idus
1139 2191 1297 2266 Octobris,
1328 2213 1405 2254 cum
1425 2193 1534 2254 aedisset

824 2297 919 2342 annor
940 2283 978 2356 8,
999 2297 1115 2338 menses
1137 2282 1176 2353 9,
1198 2276 1262 2337 dies
1278 2279 1334 2341 18.
1378 2279 1534 2361 eligitora'

824 2383 976 2425 successor
995 2367 1030 2427 11
1051 2363 1112 2424 kal.
1129 2361 1203 2426 Nou
1216 2361 1269 2422 Fr.
1282 2361 1435 2426 Nicolaua
1449 2366 1535 2426 Boea·

825 2451 908 2510 aiuua
923 2448 997 2510 Ord.
1013 2449 1267 2523 praedicatorum,
1286 2448 1468 2512 Cardinalis
1481 2451 1535 2532 api-

825 2554 933 2615 scopus
945 2534 1104 2610 Ostiensis,
1126 2532 1178 2612 qui
1199 2533 1354 2594 dominica
1369 2536 1536 2616 sequendi

825 2620 889 2688 kal,
902 2620 992 2698 Nou,
1015 2620 1116 2700 vigilia
1130 2619 1233 2699 Apost.
1246 2619 1383 2680 Simonis
1397 2632 1433 2683 ct
1447 2623 1535 2696 ludes

825 2714 988 2766 coronatus
1010 2705 1092 2785 apud
1113 2707 1144 2768 S.
1160 2705 1283 2764 Petrum
1307 2707 1472 2770 Benedicti
1489 2729 1536 2768 no-

825 2811 895 2851 men
913 2791 1081 2874 assumpsit
1124 2789 1209 2851 hunc
1224 2791 1269 2850 IX
1288 2790 1374 2854 inter
1394 2796 1536 2856 Romanos

826 2877 982 2957 pontifices
996 2877 1039 2936 aio
1055 2877 1220 2959 appellatos
1233 2877 1428 2956 spondanus
1441 2899 1536 2944 nume·

826 2972 883 3041 rat,
908 2962 964 3024 etsi
976 2963 1110 3043 plerique
1124 2963 1168 3024 xt
1185 2971 1341 3029 cenamnt.

869 3065 1038 3146 Septembri
1054 3063 1145 3125 lsuius
1162 3065 1248 3142 anni,
1269 3075 1386 3146 coepta
1404 3069 1469 3130 ism
1488 3087 1536 3130 uu·

825 3150 936 3212 merari
945 3169 1029 3218 more
1037 3151 1223 3214 Graecorum
1233 3149 1409 3214 indictione
1420 3161 1453 3230 2,
1465 3155 1538 3214 llor-

827 3238 937 3298 tzen'us
955 3257 1025 3298 cum
1046 3237 1185 3308 exerdtu
1205 3236 1349 3297 auxiliari
1365 3239 1538 3302 Constanti-

827 3322 961 3404 nopolim
981 3322 1114 3404 appellit.
1156 3331 1277 3383 creatur
1299 3322 1340 3382 ab
1359 3325 1539 3408 imperatore

828 3408 893 3470 dux
909 3428 1049 3488 magnus;
1070 3417 1102 3468 et
1124 3407 1217 3468 liliam
1229 3408 1340 3468 Asanis
1359 3429 1406 3472 ax
1423 3409 1540 3492 Augud

827 3513 931 3562 sorore
957 3504 1058 3555 natam
1082 3513 1209 3556 uxorem
1238 3493 1361 3574 accipit.
1416 3497 1540 3558 mittitur

828 3579 980 3659 Cyzicum.
1020 3581 1053 3640 in
1075 3579 1209 3660 digram
1229 3589 1437 3660 oppugnatur
1456 3605 1475 3643 a
1490 3583 1541 3643 ce·

829 3665 998 3726 nueusibus.
1041 3665 1220 3744 drungarius
1233 3665 1358 3726 Musalc
1380 3670 1496 3730 missus
1511 3667 1542 3727 ab

827 3751 1008 3830 imperatore
1022 3749 1061 3810 ad
1080 3752 1179 3812 rixam
1198 3751 1413 3814 dirimendam
1431 3754 1543 3817 interli-

828 3836 918 3897 oitur.
961 3835 983 3898 1.
1000 3839 1020 3903 6
1035 3857 1062 3902 c.
1079 3836 1131 3904 14.

871 4039 972 4100 Menas·
990 4037 1157 4101 monachus
1178 4051 1385 4118 cognomento
1406 4045 1546 4120 Socim,

830 4125 994 4206 discipulus
1011 4125 1167 4186 Athanasii
1182 4125 1435 4208 expatriarchae,
1452 4131 1500 4193 die
1510 4129 1546 4198 25

831 4213 961 4273 Ianuarii
990 4213 1047 4274 sub
1075 4211 1146 4272 aclis
1171 4231 1314 4272 moseum
1337 4214 1547 4278 Andronicum

830 4295 1191 4381 importunarum,
1223 4315 1314 4379 aegra
1345 4304 1477 4366 tandem
1499 4321 1547 4366 aa·
