3188 4784
353 393 358 406 ,
462 313 541 383 nn
560 311 618 384 ιι
669 311 1038 382 cnuononoercus.
1235 311 1311 386 ete

208 479 301 542 Heiee
317 478 350 539 in
369 495 448 540 enno
472 475 600 558 Hegiree
617 479 682 543 680
699 475 906 554 clauderetur,
928 476 1070 555 qnoniam
1082 473 1109 536 ie
1122 491 1250 554 ennnee
1265 482 1310 554 22

207 565 321 646 Aprilis
344 565 416 624 enni
437 562 509 623 chr.
532 566 610 628 1281
631 561 788 623 inchoetue
799 581 894 642 neque
906 561 945 620 ed
964 566 1003 629 10
1018 559 1136 642 Aprii'n·
1148 561 1308 624 enni-Chr.

209 655 294 718 1282
308 649 516 730 protenditur:
540 647 726 710 nnat-flate
737 667 810 709 vero
826 647 953 707 nitimur
969 646 1080 706 mencio
1103 647 1174 706 enni
1189 647 1308 708 drebici

206 735 313 815 viginti
335 753 443 794 novem
460 741 627 814 pertremoe
645 734 709 794 einr
723 733 795 792 enni
809 732 873 793 diee
890 732 1042 802 continet,
1072 731 1122 812 qni
1137 751 1209 792 oum
1221 742 1305 794 retro

209 820 355 880 numerati
371 841 387 877 e
402 824 442 882 10
457 817 569 898 Aprilis
582 817 620 876 ed
638 821 677 884 18
694 817 795 878 Mertii
805 817 1000 899 pervenient,
1021 816 1062 877 ibi
1085 816 1224 896 defigunt
1236 835 1310 879 neo·

206 905 333 965 meniem
350 901 557 964 Dbni-Heiee.
600 902 684 983 prior
706 902 799 983 igitur
817 902 973 964 character
992 901 1148 962 manifecte
1164 905 1309 984 competit
1341 959 1343 962 .

207 1011 286 1051 enno
303 987 426 1066 Hegiree
440 991 514 1054 680.
558 1006 614 1046 nee
630 987 729 1048 minue
741 989 897 1049 evidenter
908 986 1057 1068 porterior
1071 987 1165 1047 eidem
1178 989 1308 1068 adepte-

205 1085 268 1136 ter.
303 1093 374 1132 nem
387 1072 546 1132 vicerimus
557 1091 654 1131 nonus
670 1073 733 1133 dieo
747 1073 857 1149 Martii,
877 1091 965 1152 quem
977 1071 1070 1132 iniere
1084 1071 1163 1132 diem
1176 1072 1308 1138 Peechee

205 1159 391 1221 ostendimne
403 1158 436 1218 in
451 1173 530 1217 enno
538 1155 648 1217 Cirrieti
661 1161 753 1231 1282,
767 1157 826 1216 tuit
838 1155 1005 1218 neceeeeric
1019 1156 1150 1218 deumne
1162 1157 1308 1237 reprime·

206 1244 409 1304 Dhul-Heiee
420 1242 536 1303 ,mentio
555 1242 690 1319 Arebici,
711 1242 857 1322 siquidem
878 1243 904 1301 ie
918 1243 1048 1324 incepit,
1069 1251 1108 1302 ut
1119 1250 1163 1301 eet
1178 1243 1303 1322 dictum,
1320 1258 1343 1316 Ρ
1358 1260 1409 1316 594

207 1328 285 1390 edie
303 1334 342 1394 13
360 1328 471 1390 Menti.
510 1347 603 1408 porro
624 1327 753 1387 eddium
774 1331 816 1394 29
830 1327 946 1400 martii,
968 1347 1044 1406 queo
1063 1325 1323 1390 Peecheedomk.

205 1413 277 1474 nice
291 1415 366 1487 tuit,
388 1414 413 1472 ei
426 1421 487 1472 tree
501 1411 589 1472 ieriee
607 1412 769 1491 adiunget,
786 1412 951 1472 eecnndem
967 1413 1085 1472 tortione
1106 1421 1137 1471 et
1157 1423 1306 1493 questam,

205 1497 285 1558 hene
306 1498 441 1578 profecto
462 1497 598 1558 ultimum
618 1496 750 1560 recidere
773 1494 976 1578 deprehendet
989 1497 1022 1557 in
1036 1496 1173 1558 kalendis
1192 1498 1308 1580 Aprili·

206 1583 385 1660 Iulieni,·in
400 1601 474 1661 quer
491 1582 773 1646 inciditviceeimne
785 1583 849 1641 dice
864 1581 986 1642 Arabici
1001 1581 1199 1644 nbat-fletu.
1231 1603 1303 1662 ergo
1339 1647 1340 1650 Ἴ
1470 1605 1477 1622 ¹

205 1668 367 1729 riceeimue
387 1667 591 1728 Dhul-Heiee
609 1687 688 1728 enno
705 1667 837 1745 Hegiree
847 1669 909 1731 680
932 1667 990 1726 tuit
1008 1667 1070 1727 dieo
1086 1667 1228 1728 Mercurii
1241 1669 1306 1728 eive

206 1762 313 1834 querte
327 1753 418 1829 ferie;
440 1753 493 1831 qni
507 1761 572 1812 eret
591 1751 742 1814 recundue
760 1751 992 1830 chronologice·
1014 1751 1170 1812 cherecter
1183 1773 1304 1830 ennom,

206 1859 268 1918 quo
287 1846 332 1898 eet
354 1838 457 1898 Abeke
475 1845 633 1917 mortnue,
659 1836 831 1916 insigniens.
874 1855 968 1916 quere
988 1833 1071 1898 hunc
1092 1837 1306 1918 imperatorem

204 1923 424 2002 diognieneium
440 1941 500 1980 non
515 1942 595 1982 enno
607 1923 732 2002 Hegiree
747 1925 820 1996 681,
842 1929 878 1980 ut
892 1939 1049 2002 perpetem
1065 1921 1098 1981 in
1112 1921 1306 2003 Abnlphnre·

203 2008 244 2088 gii
266 2007 418 2068 Chronico
439 2007 602 2081 ecribitnr,
631 1995 684 2068 red
699 2005 895 2087 praecedenti
916 2005 1042 2086 Hegiree
1063 2009 1130 2073 680*
1145 2005 1251 2068 virere
1268 2027 1307 2068 eo

199 2105 327 2172 'regnere
349 2090 471 2153 deeiime
493 2091 659 2154 tenendum
675 2112 732 2172 pro
759 2100 843 2151 certo
863 2099 918 2156 eet.
960 2091 1041 2150 unde
1064 2111 1139 2171 queo
1161 2092 1305 2172 proxime

203 2177 396 2238 entcceeeieee
406 2175 473 2236 illic
487 2177 632 2238 dicuntur
652 2178 715 2238 eiue
737 2176 852 2237 obitum
867 2175 1073 2254 expeditiones
1087 2176 1306 2255 Megarensium

202 2263 235 2322 in
250 2264 367 2343 Syrium
381 2262 472 2336 duee,
494 2263 538 2322 eie
555 2261 760 2322 verieimiliter
773 2261 958 2321 ordinendee
974 2270 1054 2337 eunt,
1076 2270 1112 2322 nt
1129 2261 1215 2341 prior
1228 2261 1306 2321 duce

202 2346 372 2426 Knngortei
393 2354 498 2426 coepte
522 2367 615 2408 verno
634 2357 768 2428 tempore
787 2346 859 2406 enni
876 2345 1003 2424 Hegiree
1026 2349 1089 2412 619
1114 2345 1213 2407 hieme
1231 2347 1305 2406 enni

201 2433 333 2495 einedem
344 2431 532 2494 terminetur.
553 2442 657 2512 poetee
670 2451 740 2492 vere
754 2431 826 2491 enni
840 2432 991 2510 requentie
1007 2429 1304 2510 ttegtraeosunun.

201 2519 276 2582 tien
287 2537 365 2579 nove
376 2519 527 2597 Syrorum
539 2516 714 2596 deiectione,
727 2536 762 2580 en
770 2517 881 2595 diunge
887 2515 1027 2578 Timurue
1037 2516 1176 2576 minimue
1183 2515 1304 2576 nome

201 2605 296 2664 freter
310 2623 379 2664 cunr
394 2604 529 2662 exercitu
545 2602 764 2682 Meguleneinm
783 2601 1144 2682 qninquagintemillium
1160 2601 1302 2678 moverit,

201 2688 312 2750 hebent
336 2697 490 2768 proeteree
507 2708 609 2748 recum
630 2688 754 2754 eccieiee
776 2689 973 2747 Aruernorum
996 2686 1119 2766 copies,
1150 2704 1219 2765 rege
1235 2686 1303 2766 ipro

202 2773 358 2834 Armeniae
369 2773 519 2834 ductante
561 2771 594 2832 hi
614 2773 705 2835 eimnl
726 2793 828 2856 omnen¹
844 2791 913 2832 cum
928 2772 1012 2851 Syrie
1032 2780 1064 2831 et
1077 2771 1231 2850 Aegyptiis
1245 2772 1304 2830 dn-

200 2859 251 2919 bio
277 2859 371 2918 Merte
390 2858 470 2918 inter
492 2857 616 2918 Hemem
636 2858 833 2920 etHcmeeem
849 2856 1063 2918 conflixerunt.
1104 2855 1177 2916 indo
1189 2854 1300 2934 diunge

201 2943 342 3003 Timnrue
357 2963 389 3002 ee
404 2943 442 3002 ed
463 2944 595 3005 Abekom
617 2944 766 3024 recipient
789 2963 859 3002 cum
877 2942 910 3002 in
935 2939 1178 3022 Meropotemiem
1192 2960 1304 3020 pereo-¹

200 3029 311 3104 nirmt,
332 3027 376 3086 ibi
392 3047 431 3088 ex
453 3047 569 3089 veneno
591 3048 647 3109 per
665 3029 802 3090 fraudem
825 3027 988 3108 propinato
1013 3027 1046 3084 in
1065 3024 1173 3086 itinere
1196 3043 1302 3086 versuo

200 3112 316 3173 Nisibin
330 3111 479 3172 extinctus
492 3123 552 3191 eet,
577 3113 748 3174 eorumdem
762 3112 903 3174 videlicet
922 3110 1041 3171 ineidiie
1055 3111 1108 3189 qui
1123 3129 1186 3170 non
1196 3111 1300 3172 multo

200 3205 270 3278 poet
286 3196 426 3258 dbekem
445 3198 545 3278 iprum
567 3199 633 3279 peri
648 3199 761 3260 scelere
775 3218 812 3258 ec
826 3197 897 3257 dolo
913 3204 1119 3278 peremerunte
1140 3215 1211 3256 nem
1224 3194 1299 3257 effe-

199 3291 268 3344 ctur
280 3290 341 3342 tem
350 3282 461 3362 gemini
475 3293 557 3344 recte
567 3283 620 3344 uni
634 3292 665 3344 et
679 3283 775 3344 eidem
792 3283 978 3362 imputentur
992 3300 1107 3356 cenete,
1128 3281 1199 3342 odio
1218 3300 1302 3359 quo-x

198 3366 338 3430 rumdam
356 3367 581 3429 coniuratorum
592 3369 625 3428 in
638 3368 758 3430 Abekee
771 3367 910 3430 domum.
946 3377 977 3427 et
1000 3367 1038 3428 de
1056 3366 1110 3426 nie
1130 3386 1188 3448 pro
1205 3363 1299 3424 insti·

197 3451 442 3534 tutoplueeetie.
1157 3503 1159 3508 .
1299 3507 1301 3512 .

282 3538 349 3598 XV·
392 3537 512 3597 Abeltee
537 3535 821 3598 mortno·euoeeeeit
838 3535 901 3596 eine
923 3536 1083 3598 insidiator
1101 3531 1249 3594 Ahmedee
1265 3539 1296 3592 et

197 3622 261 3704 ipre
279 3621 360 3683 filine
383 3622 521 3698 Hnlecu,
549 3622 601 3681 red
626 3620 684 3681 elie'
705 3630 799 3680 metro
820 3631 922 3696 netur,
951 3643 1067 3702 exque
1090 3628 1297 3698 proeterqnnm

196 3709 388 3768 novercalem
401 3707 434 3766 in
456 3707 587 3766 Abnkem
602 3706 734 3766 animum
755 3706 1005 3788 treherepotnit,
1027 3708 1115 3766 etiem
1133 3703 1295 3768 instinctui

195 3793 316 3854 videtur
331 3793 369 3852 ed
381 3792 507 3852 eundern
522 3791 653 3852 Abekem
669 3793 854 3872 perdendum
870 3793 941 3853 odio
960 3791 1146 3852 Christianee
1165 3788 1295 3867 religio-

194 3878 260 3952 nie,
280 3878 367 3940 cuiue
383 3879 531 3938 cultorem
544 3878 636 3938 fuieee
652 3878 784 3938 Abekem
805 3878 893 3938 ciere,
903 3876 1034 3937 affirmet
1045 3872 1295 3953 Abulpheregiuo,

150 3967 152 3970 ’
195 3962 268 4024 dum
287 3983 352 4023 eum
369 3963 531 4024 celebreeee
543 3965 653 4024 sertum
670 3963 799 4024 Peechee
817 3983 887 4024 une
898 3981 966 4022 cum
979 3957 1166 4025 ¹Christianis
1179 3957 1294 4020 scribit.

194 4045 285 4108 hniue
301 4047 446 4108 Ahmedie
468 4057 533 4108 ecte
553 4049 738 4130 principetur
760 4047 859 4108 omnir
881 4046 1057 4123 rediguntur
1068 4047 1098 4104 in
1113 4063 1203 4103 unem
1218 4061 1299 4123 pro-‚

194 4131 288 4192 lixem
309 4133 463 4212 epistolem
485 4134 518 4192 in
538 4134 827 4194 commendationem
850 4131 994 4190 Alcoreni
1013 4140 1044 4190 ct
1069 4127 1294 4210 cuperetitionie

194 4213 408 4278 Mehometicee
427 4219 466 4278 ed
485 4219 640 4280 Snltenem
659 4218 789 4298 Aegypti
808 4216 968 4296 scriptum,
996 4235 1084 4295 quern
1101 4211 1292 4294 Abuiphere-

193 4299 261 4378 gine
280 4300 404 4378 recitet,
431 4304 577 4366 continuo
601 4303 732 4364 referem
759 4301 964 4380 indulgentem
980 4299 1153 4402 ddhmedem
1177 4297 1294 4360 dudum
