<?xml version="1.0" encoding="UTF-8"?>
<!DOCTYPE html PUBLIC "-//W3C//DTD XHTML 1.0 Transitional//EN"
    "http://www.w3.org/TR/xhtml1/DTD/xhtml1-transitional.dtd">
<html xmlns="http://www.w3.org/1999/xhtml" xml:lang="en" lang="en">
 <head>
  <title>
</title>
<meta http-equiv="Content-Type" content="text/html;charset=utf-8" />
  <meta name='ocr-system' content='tesseract 3.04.00' />
  <meta name='ocr-capabilities' content='ocr_page ocr_carea ocr_par ocr_line ocrx_word'/>
</head>
<body>
  <div class='ocr_page' id='page_1' title='image "./georgiipachymer00pousgoog_0179.png"; bbox 0 0 2798 4786; ppageno 0'>
   <div class='ocr_carea' id='block_1_1' title="bbox 211 345 989 420">
    <p class='ocr_par' dir='ltr' id='par_1_1' title="bbox 211 345 989 420">
     <span class='ocr_line' id='line_1_1' title="bbox 211 345 989 420; baseline -0.006 -1"><span class='ocrx_word' id='word_1_1' title='bbox 211 347 284 420; x_wconf 89' lang='grc'><strong>166</strong></span> <span class='ocrx_word' id='word_1_2' title='bbox 522 345 701 416; x_wconf 88' lang='lat' dir='ltr'><strong>GEORGll</strong></span> <span class='ocrx_word' id='word_1_3' title='bbox 725 346 989 416; x_wconf 79' lang='lat' dir='ltr'><strong>Pammnmms</strong></span> 
     </span>
    </p>
   </div>
   <div class='ocr_carea' id='block_1_2' title="bbox 173 511 1360 2154">
    <p class='ocr_par' dir='ltr' id='par_1_2' title="bbox 173 511 1360 2154">
     <span class='ocr_line' id='line_1_2' title="bbox 207 511 1310 605; baseline -0.003 -20"><span class='ocrx_word' id='word_1_4' title='bbox 207 519 263 603; x_wconf 72' lang='lat' dir='ltr'><strong>nir</strong></span> <span class='ocrx_word' id='word_1_5' title='bbox 283 511 447 603; x_wconf 68' lang='grc' dir='ltr'><strong><em>ἐθορύβει,</em></strong></span> <span class='ocrx_word' id='word_1_6' title='bbox 480 515 637 605; x_wconf 80' lang='grc' dir='ltr'><strong><em>ἀρχιερίας</em></strong></span> <span class='ocrx_word' id='word_1_7' title='bbox 661 517 693 584; x_wconf 78' lang='grc' dir='ltr'><strong>δ’</strong></span> <span class='ocrx_word' id='word_1_8' title='bbox 713 517 799 584; x_wconf 77' lang='lat' dir='ltr'><strong>inires</strong></span> <span class='ocrx_word' id='word_1_9' title='bbox 819 521 916 603; x_wconf 78' lang='grc' dir='ltr'><strong><em>ζητεῖν</em></strong></span> <span class='ocrx_word' id='word_1_10' title='bbox 937 517 1039 594; x_wconf 75' lang='lat' dir='ltr'><strong>nisiae</strong></span> <span class='ocrx_word' id='word_1_11' title='bbox 1060 514 1140 584; x_wconf 82' lang='grc' dir='ltr'><strong><em>καθ’</em></strong></span> <span class='ocrx_word' id='word_1_12' title='bbox 1156 512 1194 593; x_wconf 73' lang='grc' dir='ltr'><strong>ἃς</strong></span> <span class='ocrx_word' id='word_1_13' title='bbox 1207 515 1310 582; x_wconf 76' lang='grc' dir='ltr'><strong><em>ταῦτα</em></strong></span> 
     </span>
     <span class='ocr_line' id='line_1_3' title="bbox 209 615 1312 708; baseline -0.003 -20"><span class='ocrx_word' id='word_1_14' title='bbox 209 617 377 708; x_wconf 77' lang='grc' dir='ltr'><strong><em>πράττεται</em></strong></span> <span class='ocrx_word' id='word_1_15' title='bbox 399 619 469 698; x_wconf 87' lang='grc' dir='ltr'><strong><em>ξίνα</em></strong></span> <span class='ocrx_word' id='word_1_16' title='bbox 490 626 553 687; x_wconf 84' lang='grc' dir='ltr'><strong>τῶν</strong></span> <span class='ocrx_word' id='word_1_17' title='bbox 575 626 632 705; x_wconf 78' lang='grc' dir='ltr'><strong><em>τῆς</em></strong></span> <span class='ocrx_word' id='word_1_18' title='bbox 655 621 817 706; x_wconf 71' lang='grc' dir='ltr'><strong><em>ἐκκλησίας</em></strong></span> <span class='ocrx_word' id='word_1_19' title='bbox 837 619 942 706; x_wconf 82' lang='grc' dir='ltr'><strong><em>νόμων</em></strong></span> <span class='ocrx_word' id='word_1_20' title='bbox 963 623 1133 688; x_wconf 78' lang='grc' dir='ltr'><strong><em>δοκοῦντα·</em></strong></span> <span class='ocrx_word' id='word_1_21' title='bbox 1159 615 1312 706; x_wconf 69' lang='grc' dir='ltr'><strong><em>μήτεμὰρ</em></strong></span> 
     </span>
     <span class='ocr_line' id='line_1_4' title="bbox 209 718 1313 813; baseline -0.002 -23"><span class='ocrx_word' id='word_1_22' title='bbox 209 723 317 810; x_wconf 76' lang='grc' dir='ltr'><strong><em>ἰατρὸν</em></strong></span> <span class='ocrx_word' id='word_1_23' title='bbox 330 730 443 810; x_wconf 82' lang='grc' dir='ltr'><strong><em>χρῆναι</em></strong></span> <span class='ocrx_word' id='word_1_24' title='bbox 459 735 601 808; x_wconf 74' lang='grc' dir='ltr'><strong>τιμωρεῖν</strong></span> <span class='ocrx_word' id='word_1_25' title='bbox 619 723 694 790; x_wconf 79' lang='grc' dir='ltr'><strong><em>ἀλλ’</em></strong></span> <span class='ocrx_word' id='word_1_26' title='bbox 712 721 859 813; x_wconf 68' lang='grc' dir='ltr'><strong><em>ἰατρεύειν</em></strong></span> <span class='ocrx_word' id='word_1_27' title='bbox 874 724 928 792; x_wconf 81' lang='grc' dir='ltr'><strong>τὸν</strong></span> <span class='ocrx_word' id='word_1_28' title='bbox 949 719 1127 809; x_wconf 74' lang='grc' dir='ltr'><strong><em>πάσχοντα,</em></strong></span> <span class='ocrx_word' id='word_1_29' title='bbox 1154 718 1232 807; x_wconf 77' lang='grc' dir='ltr'><strong><em>μήτ’</em></strong></span> <span class='ocrx_word' id='word_1_30' title='bbox 1252 722 1313 810; x_wconf 75' lang='grc' dir='ltr'><strong>ἆρ-</strong></span> 
     </span>
     <span class='ocr_line' id='line_1_5' title="bbox 206 821 1313 914; baseline -0.002 -20"><span class='ocrx_word' id='word_1_31' title='bbox 206 829 310 913; x_wconf 85' lang='grc' dir='ltr'><strong><em>χιερία</em></strong></span> <span class='ocrx_word' id='word_1_32' title='bbox 333 821 468 906; x_wconf 78' lang='grc' dir='ltr'><strong><em>κολάζειν</em></strong></span> <span class='ocrx_word' id='word_1_33' title='bbox 488 826 568 898; x_wconf 72' lang='grc' dir='ltr'><strong><em>ἀλλὰ</em></strong></span> <span class='ocrx_word' id='word_1_34' title='bbox 588 825 770 914; x_wconf 69' lang='grc' dir='ltr'><strong><em>θεραπεύειν</em></strong></span> <span class='ocrx_word' id='word_1_35' title='bbox 789 829 844 896; x_wconf 80' lang='grc' dir='ltr'><strong>τὸν</strong></span> <span class='ocrx_word' id='word_1_36' title='bbox 864 824 1092 914; x_wconf 73' lang='grc' dir='ltr'><strong><em>ἁμαρτάνοντα.</em></strong></span> <span class='ocrx_word' id='word_1_37' title='bbox 1145 825 1197 893; x_wconf 75' lang='grc' dir='ltr'><strong>διὰ</strong></span> <span class='ocrx_word' id='word_1_38' title='bbox 1216 833 1313 892; x_wconf 82' lang='grc' dir='ltr'><strong><em>τοῦτο</em></strong></span> 
     </span>
     <span class='ocr_line' id='line_1_6' title="bbox 210 917 1339 1020; baseline 0 -23"><span class='ocrx_word' id='word_1_39' title='bbox 210 933 261 997; x_wconf 77' lang='grc' dir='ltr'><strong><em>ναί</em></strong></span> <span class='ocrx_word' id='word_1_40' title='bbox 285 917 490 1013; x_wconf 68' lang='grc' dir='ltr'><strong><em>συναχθέντες</em></strong></span> <span class='ocrx_word' id='word_1_41' title='bbox 511 937 596 1018; x_wconf 82' lang='grc' dir='ltr'><strong><em>κοινῇ</em></strong></span> <span class='ocrx_word' id='word_1_42' title='bbox 616 930 815 1013; x_wconf 73' lang='grc' dir='ltr'><strong><em>σκέπτονται,</em></strong></span> <span class='ocrx_word' id='word_1_43' title='bbox 844 935 895 998; x_wconf 76' lang='grc' dir='ltr'><strong>καί</strong></span> <span class='ocrx_word' id='word_1_44' title='bbox 910 927 1086 1018; x_wconf 73' lang='grc' dir='ltr'><strong><em>διαμηνῦειν</em></strong></span> <span class='ocrx_word' id='word_1_45' title='bbox 1098 929 1199 1020; x_wconf 73' lang='grc' dir='ltr'><strong><em>ἐκείνῳ</em></strong></span> <span class='ocrx_word' id='word_1_46' title='bbox 1216 931 1270 994; x_wconf 84' lang='grc' dir='ltr'><strong>καί</strong></span> <span class='ocrx_word' id='word_1_47' title='bbox 1280 947 1339 1016; x_wconf 71' lang='grc' dir='ltr'><strong>γεὸ</strong></span> 
     </span>
     <span class='ocr_line' id='line_1_7' title="bbox 211 1029 1315 1122; baseline 0.001 -25"><span class='ocrx_word' id='word_1_48' title='bbox 211 1029 483 1102; x_wconf 73' lang='grc' dir='ltr'><strong><em>διαπυνθάνεσθαι</em></strong></span> <span class='ocrx_word' id='word_1_49' title='bbox 509 1031 655 1122; x_wconf 79' lang='grc' dir='ltr'><strong><em>(ἥψαντο</em></strong></span> <span class='ocrx_word' id='word_1_50' title='bbox 674 1034 732 1121; x_wconf 75' lang='grc' dir='ltr'><strong>γὰρ</strong></span> <span class='ocrx_word' id='word_1_51' title='bbox 752 1034 792 1102; x_wconf 78' lang='grc' dir='ltr'><strong><em>τοὶ</em></strong></span> <span class='ocrx_word' id='word_1_52' title='bbox 807 1035 891 1102; x_wconf 81' lang='grc' dir='ltr'><strong><em>δεινὰ</em></strong></span> <span class='ocrx_word' id='word_1_53' title='bbox 905 1038 957 1101; x_wconf 77' lang='grc' dir='ltr'><strong>καί</strong></span> <span class='ocrx_word' id='word_1_54' title='bbox 974 1031 1159 1121; x_wconf 69' lang='grc' dir='ltr'><strong><em>ἀρχιερέων)</em></strong></span> <span class='ocrx_word' id='word_1_55' title='bbox 1186 1029 1315 1119; x_wconf 63' lang='lat' dir='ltr'><strong>inadus-</strong></span> 
     </span>
     <span class='ocr_line' id='line_1_8' title="bbox 212 1126 1314 1228; baseline -0.001 -27"><span class='ocrx_word' id='word_1_56' title='bbox 212 1161 282 1204; x_wconf 90' lang='grc' dir='ltr'><strong><em>σαν.</em></strong></span> <span class='ocrx_word' id='word_1_57' title='bbox 337 1136 373 1204; x_wconf 75' lang='grc' dir='ltr'><strong><em>τὰ</em></strong></span> <span class='ocrx_word' id='word_1_58' title='bbox 399 1137 433 1202; x_wconf 76' lang='grc' dir='ltr'><strong>δὲ</strong></span> <span class='ocrx_word' id='word_1_59' title='bbox 456 1133 584 1221; x_wconf 83' lang='grc' dir='ltr'><strong><em>μήνυμα</em></strong></span> <span class='ocrx_word' id='word_1_60' title='bbox 591 1185 602 1217; x_wconf 84' lang='grc'>,</span> <span class='ocrx_word' id='word_1_61' title='bbox 628 1137 813 1228; x_wconf 69' lang='grc' dir='ltr'><strong><em>καθημένων</em></strong></span> <span class='ocrx_word' id='word_1_62' title='bbox 827 1139 859 1204; x_wconf 77' lang='grc' dir='ltr'><strong><em>ἓν</em></strong></span> <span class='ocrx_word' id='word_1_63' title='bbox 876 1145 921 1228; x_wconf 80' lang='grc' dir='ltr'><strong><em>’τῷ</em></strong></span> <span class='ocrx_word' id='word_1_64' title='bbox 936 1138 1188 1226; x_wconf 75' lang='grc' dir='ltr'><strong><em>ίκκλησιαρχείῳ,</em></strong></span> <span class='ocrx_word' id='word_1_65' title='bbox 1215 1126 1314 1228; x_wconf 63' lang='grc' dir='ltr'><strong>ἒφέᾗ</strong></span> 
     </span>
     <span class='ocr_line' id='line_1_9' title="bbox 173 1239 1315 1331; baseline -0.002 -23"><span class='ocrx_word' id='word_1_66' title='bbox 173 1253 196 1308; x_wconf 83' lang='grc' dir='ltr'><strong>Β</strong></span> <span class='ocrx_word' id='word_1_67' title='bbox 214 1243 320 1328; x_wconf 87' lang='grc' dir='ltr'><strong><em>σφίσιν</em></strong></span> <span class='ocrx_word' id='word_1_68' title='bbox 334 1241 418 1328; x_wconf 69' lang='grc' dir='ltr'><strong><em>ἱρείη</em></strong></span> <span class='ocrx_word' id='word_1_69' title='bbox 432 1245 592 1305; x_wconf 79' lang='grc' dir='ltr'><strong><em>συνελθεῖν</em></strong></span> <span class='ocrx_word' id='word_1_70' title='bbox 608 1239 710 1331; x_wconf 69' lang='grc' dir='ltr'><strong><em>ἐκείνῳ</em></strong></span> <span class='ocrx_word' id='word_1_71' title='bbox 725 1243 881 1326; x_wconf 77' lang='grc' dir='ltr'><strong><em>ίρωτῆσαί</em></strong></span> <span class='ocrx_word' id='word_1_72' title='bbox 894 1267 928 1308; x_wconf 86' lang='grc' dir='ltr'><strong>τε</strong></span> <span class='ocrx_word' id='word_1_73' title='bbox 944 1243 995 1308; x_wconf 76' lang='grc' dir='ltr'><strong>καί</strong></span> <span class='ocrx_word' id='word_1_74' title='bbox 1008 1247 1123 1324; x_wconf 80' lang='grc' dir='ltr'><strong><em>μαθεῖν</em></strong></span> <span class='ocrx_word' id='word_1_75' title='bbox 1134 1245 1200 1316; x_wconf 82' lang='grc' dir='ltr'><strong>πῶς</strong></span> <span class='ocrx_word' id='word_1_76' title='bbox 1213 1245 1315 1306; x_wconf 74' lang='grc' dir='ltr'><strong><em>ταῦτα</em></strong></span> 
     </span>
     <span class='ocr_line' id='line_1_10' title="bbox 212 1340 1315 1429; baseline -0.002 -20"><span class='ocrx_word' id='word_1_77' title='bbox 212 1340 414 1429; x_wconf 78' lang='grc' dir='ltr'><strong><em>αροίττοιντο·</em></strong></span> <span class='ocrx_word' id='word_1_78' title='bbox 448 1343 529 1426; x_wconf 77' lang='grc' dir='ltr'><strong>μηδὲ</strong></span> <span class='ocrx_word' id='word_1_79' title='bbox 549 1341 609 1428; x_wconf 71' lang='grc' dir='ltr'><strong>γὰρ</strong></span> <span class='ocrx_word' id='word_1_80' title='bbox 629 1343 862 1428; x_wconf 73' lang='grc' dir='ltr'><strong><em>ἐκκλησιαστικὰ</em></strong></span> <span class='ocrx_word' id='word_1_81' title='bbox 886 1342 962 1410; x_wconf 70' lang='grc' dir='ltr'><strong><em>εἶναι</em></strong></span> <span class='ocrx_word' id='word_1_82' title='bbox 984 1343 1063 1410; x_wconf 72' lang='grc' dir='ltr'><strong><em>ἀλλὰ</em></strong></span> <span class='ocrx_word' id='word_1_83' title='bbox 1086 1341 1253 1429; x_wconf 72' lang='grc' dir='ltr'><strong><em>τυραννικὰ</em></strong></span> <span class='ocrx_word' id='word_1_84' title='bbox 1274 1341 1315 1408; x_wconf 81' lang='lat' dir='ltr'><strong>sti</strong></span> 
     </span>
     <span class='ocr_line' id='line_1_11' title="bbox 211 1442 1358 1533; baseline 0.002 -21"><span class='ocrx_word' id='word_1_85' title='bbox 211 1442 419 1532; x_wconf 80' lang='grc' dir='ltr'><strong><em>πραττόμενα.</em></strong></span> <span class='ocrx_word' id='word_1_86' title='bbox 472 1451 573 1511; x_wconf 75' lang='grc' dir='ltr'><strong><em>ταῦτα</em></strong></span> <span class='ocrx_word' id='word_1_87' title='bbox 592 1446 728 1531; x_wconf 76' lang='grc' dir='ltr'><strong><em>λίγοντες</em></strong></span> <span class='ocrx_word' id='word_1_88' title='bbox 749 1449 956 1533; x_wconf 85' lang='grc' dir='ltr'><strong><em>προσετίθουν</em></strong></span> <span class='ocrx_word' id='word_1_89' title='bbox 984 1451 1035 1514; x_wconf 76' lang='grc' dir='ltr'><strong>καί</strong></span> <span class='ocrx_word' id='word_1_90' title='bbox 1056 1446 1097 1513; x_wconf 78' lang='grc' dir='ltr'><strong><em>τὰ</em></strong></span> <span class='ocrx_word' id='word_1_91' title='bbox 1119 1444 1313 1530; x_wconf 72' lang='grc' dir='ltr'><strong><em>πραχθέντα,</em></strong></span> <span class='ocrx_word' id='word_1_92' title='bbox 1324 1463 1358 1516; x_wconf 88' lang='grc'><strong>10</strong></span> 
     </span>
     <span class='ocr_line' id='line_1_12' title="bbox 212 1545 1317 1635; baseline -0.002 -20"><span class='ocrx_word' id='word_1_93' title='bbox 212 1546 272 1615; x_wconf 81' lang='grc' dir='ltr'><strong>ὅσα</strong></span> <span class='ocrx_word' id='word_1_94' title='bbox 286 1575 318 1616; x_wconf 91' lang='grc' dir='ltr'><strong>τε</strong></span> <span class='ocrx_word' id='word_1_95' title='bbox 334 1547 391 1627; x_wconf 79' lang='grc' dir='ltr'><strong>’ίξω</strong></span> <span class='ocrx_word' id='word_1_96' title='bbox 408 1545 467 1614; x_wconf 77' lang='grc' dir='ltr'><strong>ὅσα</strong></span> <span class='ocrx_word' id='word_1_97' title='bbox 480 1573 513 1614; x_wconf 85' lang='grc' dir='ltr'><strong>τε</strong></span> <span class='ocrx_word' id='word_1_98' title='bbox 531 1547 617 1625; x_wconf 72' lang='grc' dir='ltr'><strong><em>ἐντὸς</em></strong></span> <span class='ocrx_word' id='word_1_99' title='bbox 632 1547 832 1635; x_wconf 79' lang='grc' dir='ltr'><strong><em>ἓπριίττοντο.</em></strong></span> <span class='ocrx_word' id='word_1_100' title='bbox 885 1551 940 1617; x_wconf 81' lang='grc' dir='ltr'><strong>τὸν</strong></span> <span class='ocrx_word' id='word_1_101' title='bbox 960 1550 994 1617; x_wconf 76' lang='grc' dir='ltr'><strong>δ’</strong></span> <span class='ocrx_word' id='word_1_102' title='bbox 1011 1545 1188 1617; x_wconf 71' lang='grc' dir='ltr'><strong><em>ἀκούσαντα</em></strong></span> <span class='ocrx_word' id='word_1_103' title='bbox 1203 1548 1239 1615; x_wconf 81' lang='grc' dir='ltr'><strong><em>τὸ</em></strong></span> <span class='ocrx_word' id='word_1_104' title='bbox 1253 1575 1317 1613; x_wconf 86' lang='grc' dir='ltr'><strong>πα-</strong></span> 
     </span>
     <span class='ocr_line' id='line_1_13' title="bbox 213 1649 1318 1740; baseline 0 -24"><span class='ocrx_word' id='word_1_105' title='bbox 213 1649 315 1738; x_wconf 77' lang='grc' dir='ltr'><strong><em>ράπαν</em></strong></span> <span class='ocrx_word' id='word_1_106' title='bbox 329 1653 410 1733; x_wconf 73' lang='grc' dir='ltr'><strong>μηδὲ</strong></span> <span class='ocrx_word' id='word_1_107' title='bbox 426 1654 608 1738; x_wconf 78' lang='grc' dir='ltr'><strong><em>φροντίσαι,</em></strong></span> <span class='ocrx_word' id='word_1_108' title='bbox 634 1652 715 1719; x_wconf 79' lang='grc' dir='ltr'><strong><em>ἀλλὰ</em></strong></span> <span class='ocrx_word' id='word_1_109' title='bbox 729 1650 959 1739; x_wconf 61' lang='lat' dir='ltr'><strong>sequestrari?</strong></span> <span class='ocrx_word' id='word_1_110' title='bbox 977 1651 1053 1720; x_wconf 77' lang='grc' dir='ltr'><strong><em>εἶναι</em></strong></span> <span class='ocrx_word' id='word_1_111' title='bbox 1065 1649 1164 1740; x_wconf 76' lang='lat' dir='ltr'><strong>prinus</strong></span> <span class='ocrx_word' id='word_1_112' title='bbox 1174 1650 1318 1717; x_wconf 81' lang='grc' dir='ltr'><strong><em>ἀποστα-</em></strong></span> 
     </span>
     <span class='ocr_line' id='line_1_14' title="bbox 212 1751 1318 1843; baseline 0 -23"><span class='ocrx_word' id='word_1_113' title='bbox 212 1757 283 1832; x_wconf 88' lang='grc' dir='ltr'><strong><em>σίας</em></strong></span> <span class='ocrx_word' id='word_1_114' title='bbox 301 1761 357 1839; x_wconf 83' lang='grc' dir='ltr'><strong><em>τῆς</em></strong></span> <span class='ocrx_word' id='word_1_115' title='bbox 381 1753 440 1842; x_wconf 75' lang='grc' dir='ltr'><strong>ἀφ’</strong></span> <span class='ocrx_word' id='word_1_116' title='bbox 466 1751 583 1837; x_wconf 71' lang='grc' dir='ltr'><strong><em>αὑτοῦ,</em></strong></span> <span class='ocrx_word' id='word_1_117' title='bbox 611 1757 660 1820; x_wconf 79' lang='grc' dir='ltr'><strong>καί</strong></span> <span class='ocrx_word' id='word_1_118' title='bbox 682 1757 734 1822; x_wconf 76' lang='grc' dir='ltr'><strong>διὰ</strong></span> <span class='ocrx_word' id='word_1_119' title='bbox 757 1757 798 1822; x_wconf 81' lang='grc' dir='ltr'><strong><em>τὰ</em></strong></span> <span class='ocrx_word' id='word_1_120' title='bbox 820 1759 901 1840; x_wconf 73' lang='grc' dir='ltr'><strong>μηδὲ</strong></span> <span class='ocrx_word' id='word_1_121' title='bbox 925 1759 1042 1822; x_wconf 81' lang='grc' dir='ltr'><strong><em>δίκαιον</em></strong></span> <span class='ocrx_word' id='word_1_122' title='bbox 1064 1753 1224 1843; x_wconf 68' lang='lat' dir='ltr'><strong>lysaniaus</strong></span> <span class='ocrx_word' id='word_1_123' title='bbox 1238 1754 1318 1839; x_wconf 83' lang='grc' dir='ltr'><strong><em>πρὸς</em></strong></span> 
     </span>
     <span class='ocr_line' id='line_1_15' title="bbox 212 1854 1316 1946; baseline -0.005 -22"><span class='ocrx_word' id='word_1_124' title='bbox 212 1854 342 1934; x_wconf 70' lang='grc' dir='ltr'><strong><em>τούτους</em></strong></span> <span class='ocrx_word' id='word_1_125' title='bbox 363 1857 596 1942; x_wconf 76' lang='grc' dir='ltr'><strong><em>ἀπολογεῖσθαι.</em></strong></span> <span class='ocrx_word' id='word_1_126' title='bbox 648 1856 690 1936; x_wconf 72' lang='grc' dir='ltr'><strong><em>εἷος</em></strong></span> <span class='ocrx_word' id='word_1_127' title='bbox 705 1861 738 1925; x_wconf 72' lang='lat' dir='ltr'><strong>tt</strong></span> <span class='ocrx_word' id='word_1_128' title='bbox 753 1862 803 1924; x_wconf 78' lang='grc' dir='ltr'><strong>καί</strong></span> <span class='ocrx_word' id='word_1_129' title='bbox 818 1855 913 1936; x_wconf 73' lang='grc' dir='ltr'><strong><em>αὖθις</em></strong></span> <span class='ocrx_word' id='word_1_130' title='bbox 929 1867 1090 1946; x_wconf 82' lang='grc' dir='ltr'><strong><em>πειρῶντες</em></strong></span> <span class='ocrx_word' id='word_1_131' title='bbox 1105 1857 1161 1924; x_wconf 77' lang='grc' dir='ltr'><strong>οὐκ</strong></span> <span class='ocrx_word' id='word_1_132' title='bbox 1177 1857 1316 1939; x_wconf 68' lang='grc' dir='ltr'><strong><em>ἔπειθον,</em></strong></span> 
     </span>
     <span class='ocr_line' id='line_1_16' title="bbox 175 1947 1360 2048; baseline -0.002 -20"><span class='ocrx_word' id='word_1_133' title='bbox 175 1964 336 2028; x_wconf 76' lang='grc' dir='ltr'><strong><em>ὒδιιστελν</em></strong></span> <span class='ocrx_word' id='word_1_134' title='bbox 364 1957 493 2038; x_wconf 67' lang='lat' dir='ltr'><strong>invenie</strong></span> <span class='ocrx_word' id='word_1_135' title='bbox 516 1962 629 2027; x_wconf 66' lang='grc' dir='ltr'><strong><em>ἐκείνου</em></strong></span> <span class='ocrx_word' id='word_1_136' title='bbox 651 1947 810 2028; x_wconf 71' lang='grc' dir='ltr'><strong><em>ἐδικαίουν</em></strong></span> <span class='ocrx_word' id='word_1_137' title='bbox 823 1966 874 2029; x_wconf 75' lang='grc' dir='ltr'><strong>καὶ</strong></span> <span class='ocrx_word' id='word_1_138' title='bbox 894 1955 997 2030; x_wconf 71' lang='grc' dir='ltr'><strong><em>οὗτοι·</em></strong></span> <span class='ocrx_word' id='word_1_139' title='bbox 1028 1961 1142 2048; x_wconf 75' lang='grc' dir='ltr'><strong><em>τὸγὰρ</em></strong></span> <span class='ocrx_word' id='word_1_140' title='bbox 1167 1957 1360 2027; x_wconf 70' lang='lat' dir='ltr'><strong>veterinarii</strong></span> 
     </span>
     <span class='ocr_line' id='line_1_17' title="bbox 214 2064 1319 2154; baseline 0 -25"><span class='ocrx_word' id='word_1_141' title='bbox 214 2065 434 2150; x_wconf 76' lang='grc' dir='ltr'><strong><em>πραττομένων</em></strong></span> <span class='ocrx_word' id='word_1_142' title='bbox 449 2074 661 2151; x_wconf 76' lang='grc' dir='ltr'><strong><em>συγκοινωνεΐν</em></strong></span> <span class='ocrx_word' id='word_1_143' title='bbox 677 2065 721 2150; x_wconf 81' lang='grc' dir='ltr'><strong>μὴ</strong></span> <span class='ocrx_word' id='word_1_144' title='bbox 739 2065 815 2150; x_wconf 63' lang='grc' dir='ltr'><strong><em>ἔχειν</em></strong></span> <span class='ocrx_word' id='word_1_145' title='bbox 832 2064 923 2154; x_wconf 71' lang='grc' dir='ltr'><strong><em>λόγον</em></strong></span> <span class='ocrx_word' id='word_1_146' title='bbox 937 2066 1104 2152; x_wconf 74' lang='grc' dir='ltr'><strong><em>ἀπολογίας</em></strong></span> <span class='ocrx_word' id='word_1_147' title='bbox 1117 2073 1181 2140; x_wconf 81' lang='grc' dir='ltr'><strong><em>τοῖς</em></strong></span> <span class='ocrx_word' id='word_1_148' title='bbox 1193 2089 1319 2154; x_wconf 81' lang='grc' dir='ltr'><strong><em>μεμφρ-</em></strong></span> 
     </span>
    </p>
   </div>
   <div class='ocr_carea' id='block_1_3' title="bbox 213 2263 1376 4408">
    <p class='ocr_par' dir='ltr' id='par_1_3' title="bbox 213 2263 1376 4408">
     <span class='ocr_line' id='line_1_18' title="bbox 213 2263 1322 2338; baseline -0.002 -20"><span class='ocrx_word' id='word_1_149' title='bbox 213 2263 261 2318; x_wconf 86' lang='lat' dir='ltr'><strong>nisi</strong></span> <span class='ocrx_word' id='word_1_150' title='bbox 286 2263 337 2318; x_wconf 88' lang='lat' dir='ltr'><strong>alie</strong></span> <span class='ocrx_word' id='word_1_151' title='bbox 360 2263 486 2334; x_wconf 87' lang='lat' dir='ltr'><strong>quaedam</strong></span> <span class='ocrx_word' id='word_1_152' title='bbox 503 2281 520 2318; x_wconf 86' lang='lat' dir='ltr'><strong>s</strong></span> <span class='ocrx_word' id='word_1_153' title='bbox 536 2265 608 2318; x_wconf 78' lang='lat' dir='ltr'><strong>Saba</strong></span> <span class='ocrx_word' id='word_1_154' title='bbox 625 2279 701 2317; x_wconf 86' lang='lat' dir='ltr'><strong>ruere</strong></span> <span class='ocrx_word' id='word_1_155' title='bbox 718 2279 769 2333; x_wconf 86' lang='lat' dir='ltr'><strong>qna</strong></span> <span class='ocrx_word' id='word_1_156' title='bbox 787 2268 908 2334; x_wconf 83' lang='lat' dir='ltr'><strong>coeperat</strong></span> <span class='ocrx_word' id='word_1_157' title='bbox 923 2269 1049 2338; x_wconf 68' lang='lat' dir='ltr'><strong>pergente</strong></span> <span class='ocrx_word' id='word_1_158' title='bbox 1065 2268 1163 2318; x_wconf 85' lang='lat' dir='ltr'><strong>temere</strong></span> <span class='ocrx_word' id='word_1_159' title='bbox 1180 2265 1322 2330; x_wconf 82' lang='lat' dir='ltr'><strong>attentata,</strong></span> 
     </span>
     <span class='ocr_line' id='line_1_19' title="bbox 213 2332 1320 2403; baseline -0.002 -17"><span class='ocrx_word' id='word_1_160' title='bbox 213 2350 281 2403; x_wconf 89' lang='lat' dir='ltr'><strong>quae</strong></span> <span class='ocrx_word' id='word_1_161' title='bbox 298 2333 357 2386; x_wconf 88' lang='lat' dir='ltr'><strong>licet</strong></span> <span class='ocrx_word' id='word_1_162' title='bbox 374 2333 525 2401; x_wconf 86' lang='lat' dir='ltr'><strong>praesertim</strong></span> <span class='ocrx_word' id='word_1_163' title='bbox 542 2334 568 2385; x_wconf 92' lang='lat' dir='ltr'><strong>in</strong></span> <span class='ocrx_word' id='word_1_164' title='bbox 586 2333 692 2386; x_wconf 87' lang='lat' dir='ltr'><strong>elericos</strong></span> <span class='ocrx_word' id='word_1_165' title='bbox 708 2333 921 2396; x_wconf 75' lang='lat' dir='ltr'><strong>intendebantur,</strong></span> <span class='ocrx_word' id='word_1_166' title='bbox 946 2341 1031 2385; x_wconf 89' lang='lat' dir='ltr'><strong>tamen</strong></span> <span class='ocrx_word' id='word_1_167' title='bbox 1048 2332 1225 2386; x_wconf 83' lang='lat' dir='ltr'><strong>redundabant</strong></span> <span class='ocrx_word' id='word_1_168' title='bbox 1241 2332 1320 2384; x_wconf 88' lang='lat' dir='ltr'><strong>etiam</strong></span> 
     </span>
     <span class='ocr_line' id='line_1_20' title="bbox 213 2400 1321 2470; baseline -0.004 -15"><span class='ocrx_word' id='word_1_169' title='bbox 213 2403 242 2455; x_wconf 90' lang='lat' dir='ltr'><strong>iu</strong></span> <span class='ocrx_word' id='word_1_170' title='bbox 259 2402 410 2470; x_wconf 83' lang='lat' dir='ltr'><strong>episcopos,</strong></span> <span class='ocrx_word' id='word_1_171' title='bbox 433 2403 481 2455; x_wconf 88' lang='lat' dir='ltr'><strong>hus</strong></span> <span class='ocrx_word' id='word_1_172' title='bbox 502 2402 641 2454; x_wconf 71' lang='lat' dir='ltr'><strong>movissent</strong></span> <span class='ocrx_word' id='word_1_173' title='bbox 657 2401 689 2454; x_wconf 90' lang='lat' dir='ltr'><strong>sd</strong></span> <span class='ocrx_word' id='word_1_174' title='bbox 707 2403 909 2468; x_wconf 79' lang='lat' dir='ltr'><strong>cognoscendum</strong></span> <span class='ocrx_word' id='word_1_175' title='bbox 925 2401 958 2453; x_wconf 91' lang='lat' dir='ltr'><strong>de</strong></span> <span class='ocrx_word' id='word_1_176' title='bbox 975 2400 1096 2469; x_wconf 57' lang='lat' dir='ltr'><strong>negotiu</strong></span> <span class='ocrx_word' id='word_1_177' title='bbox 1120 2401 1188 2454; x_wconf 86' lang='lat' dir='ltr'><strong>unde</strong></span> <span class='ocrx_word' id='word_1_178' title='bbox 1210 2400 1321 2468; x_wconf 81' lang='lat' dir='ltr'><strong>contigit</strong></span> 
     </span>
     <span class='ocr_line' id='line_1_21' title="bbox 213 2469 1321 2540; baseline -0.003 -17"><span class='ocrx_word' id='word_1_179' title='bbox 213 2472 391 2539; x_wconf 82' lang='lat' dir='ltr'><strong>imperatorem</strong></span> <span class='ocrx_word' id='word_1_180' title='bbox 415 2487 516 2539; x_wconf 87' lang='lat' dir='ltr'><strong>quoqne</strong></span> <span class='ocrx_word' id='word_1_181' title='bbox 540 2469 640 2522; x_wconf 80' lang='lat' dir='ltr'><strong>turbari</strong></span> <span class='ocrx_word' id='word_1_182' title='bbox 668 2487 699 2522; x_wconf 85' lang='lat' dir='ltr'><strong>ac</strong></span> <span class='ocrx_word' id='word_1_183' title='bbox 729 2469 842 2523; x_wconf 84' lang='lat' dir='ltr'><strong>titubare</strong></span> <span class='ocrx_word' id='word_1_184' title='bbox 865 2476 891 2522; x_wconf 87' lang='lat' dir='ltr'><strong>in</strong></span> <span class='ocrx_word' id='word_1_185' title='bbox 913 2472 1043 2540; x_wconf 87' lang='lat' dir='ltr'><strong>proposito</strong></span> <span class='ocrx_word' id='word_1_186' title='bbox 1065 2470 1134 2540; x_wconf 87' lang='lat' dir='ltr'><strong>qnod</strong></span> <span class='ocrx_word' id='word_1_187' title='bbox 1160 2469 1321 2535; x_wconf 71' lang='lat' dir='ltr'><strong>ostenderat,</strong></span> 
     </span>
     <span class='ocr_line' id='line_1_22' title="bbox 214 2535 1321 2621; baseline -0.001 -30"><span class='ocrx_word' id='word_1_188' title='bbox 214 2539 408 2609; x_wconf 75' lang='lat' dir='ltr'><strong>qualiacumque</strong></span> <span class='ocrx_word' id='word_1_189' title='bbox 431 2538 596 2608; x_wconf 74' lang='lat' dir='ltr'><strong>patriarchae</strong></span> <span class='ocrx_word' id='word_1_190' title='bbox 612 2553 644 2591; x_wconf 86' lang='lat' dir='ltr'><strong>ao</strong></span> <span class='ocrx_word' id='word_1_191' title='bbox 660 2537 716 2590; x_wconf 87' lang='lat' dir='ltr'><strong>eius</strong></span> <span class='ocrx_word' id='word_1_192' title='bbox 732 2540 904 2592; x_wconf 81' lang='lat' dir='ltr'><strong>ministrorum</strong></span> <span class='ocrx_word' id='word_1_193' title='bbox 923 2548 983 2592; x_wconf 84' lang='lat' dir='ltr'><strong>sota</strong></span> <span class='ocrx_word' id='word_1_194' title='bbox 1006 2544 1063 2592; x_wconf 88' lang='lat' dir='ltr'><strong>tota</strong></span> <span class='ocrx_word' id='word_1_195' title='bbox 1085 2537 1187 2621; x_wconf 89' lang='lat' dir='ltr'><strong>imperii</strong></span> <span class='ocrx_word' id='word_1_196' title='bbox 1203 2535 1321 2590; x_wconf 68' lang='lat' dir='ltr'><strong>eumeri-</strong></span> 
     </span>
     <span class='ocr_line' id='line_1_23' title="bbox 213 2606 1323 2678; baseline -0.001 -18"><span class='ocrx_word' id='word_1_197' title='bbox 213 2617 269 2660; x_wconf 86' lang='lat' dir='ltr'><strong>tate</strong></span> <span class='ocrx_word' id='word_1_198' title='bbox 294 2606 457 2659; x_wconf 74' lang='lat' dir='ltr'><strong>defendendi.</strong></span> <span class='ocrx_word' id='word_1_199' title='bbox 491 2607 554 2660; x_wconf 89' lang='lat' dir='ltr'><strong>moti</strong></span> <span class='ocrx_word' id='word_1_200' title='bbox 580 2624 641 2676; x_wconf 82' lang='lat' dir='ltr'><strong>ergo</strong></span> <span class='ocrx_word' id='word_1_201' title='bbox 668 2607 797 2678; x_wconf 85' lang='lat' dir='ltr'><strong>episcopi,</strong></span> <span class='ocrx_word' id='word_1_202' title='bbox 822 2608 890 2678; x_wconf 89' lang='lat' dir='ltr'><strong>quod</strong></span> <span class='ocrx_word' id='word_1_203' title='bbox 907 2609 958 2660; x_wconf 89' lang='lat' dir='ltr'><strong>iam</strong></span> <span class='ocrx_word' id='word_1_204' title='bbox 975 2625 1057 2678; x_wconf 88' lang='lat' dir='ltr'><strong>nsque</strong></span> <span class='ocrx_word' id='word_1_205' title='bbox 1073 2607 1106 2659; x_wconf 87' lang='lat' dir='ltr'><strong>ad</strong></span> <span class='ocrx_word' id='word_1_206' title='bbox 1126 2623 1210 2677; x_wconf 76' lang='lat' dir='ltr'><strong>ipsos,</strong></span> <span class='ocrx_word' id='word_1_207' title='bbox 1232 2613 1263 2659; x_wconf 91' lang='lat' dir='ltr'><strong>at</strong></span> <span class='ocrx_word' id='word_1_208' title='bbox 1279 2611 1323 2672; x_wconf 81' lang='lat' dir='ltr'><strong>est</strong></span> 
     </span>
     <span class='ocr_line' id='line_1_24' title="bbox 214 2671 1376 2746; baseline -0.001 -18"><span class='ocrx_word' id='word_1_209' title='bbox 214 2676 323 2742; x_wconf 85' lang='lat' dir='ltr'><strong>dietum,</strong></span> <span class='ocrx_word' id='word_1_210' title='bbox 342 2678 429 2728; x_wconf 85' lang='lat' dir='ltr'><strong>Sabae</strong></span> <span class='ocrx_word' id='word_1_211' title='bbox 444 2677 618 2744; x_wconf 70' lang='lat' dir='ltr'><strong>grassationes</strong></span> <span class='ocrx_word' id='word_1_212' title='bbox 635 2675 784 2745; x_wconf 82' lang='lat' dir='ltr'><strong>pertingere</strong></span> <span class='ocrx_word' id='word_1_213' title='bbox 801 2685 954 2746; x_wconf 86' lang='lat' dir='ltr'><strong>coeperant,</strong></span> <span class='ocrx_word' id='word_1_214' title='bbox 977 2675 1082 2730; x_wconf 85' lang='lat' dir='ltr'><strong>oonsilio</strong></span> <span class='ocrx_word' id='word_1_215' title='bbox 1099 2675 1168 2729; x_wconf 86' lang='lat' dir='ltr'><strong>inter</strong></span> <span class='ocrx_word' id='word_1_216' title='bbox 1185 2693 1214 2728; x_wconf 86' lang='lat' dir='ltr'><strong>se</strong></span> <span class='ocrx_word' id='word_1_217' title='bbox 1231 2675 1321 2728; x_wconf 85' lang='lat' dir='ltr'><strong>habito</strong></span> <span class='ocrx_word' id='word_1_218' title='bbox 1373 2671 1376 2680; x_wconf 66' lang='lat'><strong>¹</strong></span> 
     </span>
     <span class='ocr_line' id='line_1_25' title="bbox 214 2745 1322 2816; baseline 0.001 -18"><span class='ocrx_word' id='word_1_219' title='bbox 214 2745 385 2798; x_wconf 80' lang='lat' dir='ltr'><strong>decreverunt</strong></span> <span class='ocrx_word' id='word_1_220' title='bbox 406 2745 546 2798; x_wconf 79' lang='lat' dir='ltr'><strong>convenire</strong></span> <span class='ocrx_word' id='word_1_221' title='bbox 569 2746 756 2814; x_wconf 82' lang='lat' dir='ltr'><strong>patriarcham,</strong></span> <span class='ocrx_word' id='word_1_222' title='bbox 781 2755 952 2816; x_wconf 76' lang='lat' dir='ltr'><strong>repetamque</strong></span> <span class='ocrx_word' id='word_1_223' title='bbox 973 2747 1006 2798; x_wconf 86' lang='lat' dir='ltr'><strong>ab</strong></span> <span class='ocrx_word' id='word_1_224' title='bbox 1030 2763 1062 2798; x_wconf 90' lang='lat' dir='ltr'><strong>eo</strong></span> <span class='ocrx_word' id='word_1_225' title='bbox 1083 2745 1209 2797; x_wconf 76' lang='lat' dir='ltr'><strong>radonem</strong></span> <span class='ocrx_word' id='word_1_226' title='bbox 1231 2761 1322 2799; x_wconf 81' lang='lat' dir='ltr'><strong>eorum</strong></span> 
     </span>
     <span class='ocr_line' id='line_1_26' title="bbox 214 2814 1323 2884; baseline 0.001 -18"><span class='ocrx_word' id='word_1_227' title='bbox 214 2831 281 2884; x_wconf 87' lang='lat' dir='ltr'><strong>quae</strong></span> <span class='ocrx_word' id='word_1_228' title='bbox 298 2829 367 2866; x_wconf 83' lang='lat' dir='ltr'><strong>nova</strong></span> <span class='ocrx_word' id='word_1_229' title='bbox 384 2822 411 2866; x_wconf 91' lang='lat' dir='ltr'><strong>et</strong></span> <span class='ocrx_word' id='word_1_230' title='bbox 426 2816 459 2867; x_wconf 91' lang='lat' dir='ltr'><strong>ab</strong></span> <span class='ocrx_word' id='word_1_231' title='bbox 476 2831 524 2866; x_wconf 88' lang='lat' dir='ltr'><strong>usu</strong></span> <span class='ocrx_word' id='word_1_232' title='bbox 542 2814 692 2884; x_wconf 72' lang='lat' dir='ltr'><strong>legibusque</strong></span> <span class='ocrx_word' id='word_1_233' title='bbox 718 2815 843 2868; x_wconf 78' lang='lat' dir='ltr'><strong>eudesiae</strong></span> <span class='ocrx_word' id='word_1_234' title='bbox 866 2816 1005 2868; x_wconf 85' lang='lat' dir='ltr'><strong>abhorrere</strong></span> <span class='ocrx_word' id='word_1_235' title='bbox 1022 2815 1081 2878; x_wconf 70' lang='lat' dir='ltr'><strong>sisa</strong></span> <span class='ocrx_word' id='word_1_236' title='bbox 1097 2818 1255 2881; x_wconf 78' lang='lat' dir='ltr'><strong>gererentur.</strong></span> <span class='ocrx_word' id='word_1_237' title='bbox 1290 2818 1323 2867; x_wconf 83' lang='lat' dir='ltr'><strong>ut</strong></span> 
     </span>
     <span class='ocr_line' id='line_1_27' title="bbox 215 2882 1323 2954; baseline -0.001 -18"><span class='ocrx_word' id='word_1_238' title='bbox 215 2883 281 2936; x_wconf 89' lang='lat' dir='ltr'><strong>enim</strong></span> <span class='ocrx_word' id='word_1_239' title='bbox 299 2882 456 2936; x_wconf 83' lang='lat' dir='ltr'><strong>medicinae</strong></span> <span class='ocrx_word' id='word_1_240' title='bbox 474 2899 531 2935; x_wconf 85' lang='lat' dir='ltr'><strong>esse</strong></span> <span class='ocrx_word' id='word_1_241' title='bbox 549 2899 644 2952; x_wconf 90' lang='lat' dir='ltr'><strong>poenas</strong></span> <span class='ocrx_word' id='word_1_242' title='bbox 661 2882 777 2954; x_wconf 82' lang='lat' dir='ltr'><strong>infligere</strong></span> <span class='ocrx_word' id='word_1_243' title='bbox 794 2884 991 2953; x_wconf 85' lang='lat' dir='ltr'><strong>languentibus,</strong></span> <span class='ocrx_word' id='word_1_244' title='bbox 1017 2883 1063 2938; x_wconf 85' lang='lat' dir='ltr'><strong>sed</strong></span> <span class='ocrx_word' id='word_1_245' title='bbox 1080 2882 1228 2936; x_wconf 80' lang='lat' dir='ltr'><strong>medicinam</strong></span> <span class='ocrx_word' id='word_1_246' title='bbox 1246 2882 1323 2935; x_wconf 90' lang='lat' dir='ltr'><strong>adhi-</strong></span> 
     </span>
     <span class='ocr_line' id='line_1_28' title="bbox 215 2951 1323 3023; baseline -0.001 -18"><span class='ocrx_word' id='word_1_247' title='bbox 215 2953 278 3005; x_wconf 89' lang='lat' dir='ltr'><strong>bere</strong></span> <span class='ocrx_word' id='word_1_248' title='bbox 295 2959 461 3023; x_wconf 85' lang='lat' dir='ltr'><strong>opportunam</strong></span> <span class='ocrx_word' id='word_1_249' title='bbox 479 2953 574 3004; x_wconf 88' lang='lat' dir='ltr'><strong>morbis</strong></span> <span class='ocrx_word' id='word_1_250' title='bbox 591 2953 691 3005; x_wconf 89' lang='lat' dir='ltr'><strong>illorum</strong></span> <span class='ocrx_word' id='word_1_251' title='bbox 707 2953 856 3022; x_wconf 82' lang='lat' dir='ltr'><strong>abigendis,</strong></span> <span class='ocrx_word' id='word_1_252' title='bbox 881 2953 921 3006; x_wconf 90' lang='lat' dir='ltr'><strong>ita</strong></span> <span class='ocrx_word' id='word_1_253' title='bbox 944 2970 991 3004; x_wconf 87' lang='lat' dir='ltr'><strong>nee</strong></span> <span class='ocrx_word' id='word_1_254' title='bbox 1014 2951 1127 3005; x_wconf 74' lang='lat' dir='ltr'><strong>offidum</strong></span> <span class='ocrx_word' id='word_1_255' title='bbox 1151 2952 1275 3005; x_wconf 85' lang='lat' dir='ltr'><strong>antistitis</strong></span> <span class='ocrx_word' id='word_1_256' title='bbox 1294 2951 1323 3004; x_wconf 87' lang='lat' dir='ltr'><strong>in</strong></span> 
     </span>
     <span class='ocr_line' id='line_1_29' title="bbox 214 3021 1323 3104; baseline 0.002 -33"><span class='ocrx_word' id='word_1_257' title='bbox 214 3021 350 3092; x_wconf 88' lang='lat' dir='ltr'><strong>plectendo</strong></span> <span class='ocrx_word' id='word_1_258' title='bbox 366 3027 446 3092; x_wconf 88' lang='lat' dir='ltr'><strong>atque</strong></span> <span class='ocrx_word' id='word_1_259' title='bbox 462 3021 606 3074; x_wconf 86' lang='lat' dir='ltr'><strong>ulciscendo</strong></span> <span class='ocrx_word' id='word_1_260' title='bbox 623 3021 713 3088; x_wconf 87' lang='lat' dir='ltr'><strong>situm,</strong></span> <span class='ocrx_word' id='word_1_261' title='bbox 737 3039 824 3074; x_wconf 78' lang='lat' dir='ltr'><strong>verum</strong></span> <span class='ocrx_word' id='word_1_262' title='bbox 842 3023 870 3074; x_wconf 91' lang='lat' dir='ltr'><strong>in</strong></span> <span class='ocrx_word' id='word_1_263' title='bbox 887 3021 1008 3075; x_wconf 84' lang='lat' dir='ltr'><strong>curandis</strong></span> <span class='ocrx_word' id='word_1_264' title='bbox 1024 3026 1051 3074; x_wconf 89' lang='lat' dir='ltr'><strong>et</strong></span> <span class='ocrx_word' id='word_1_265' title='bbox 1068 3021 1100 3074; x_wconf 90' lang='lat' dir='ltr'><strong>ad</strong></span> <span class='ocrx_word' id='word_1_266' title='bbox 1117 3023 1217 3104; x_wconf 74' lang='lat' dir='ltr'><strong>fraqam</strong></span> <span class='ocrx_word' id='word_1_267' title='bbox 1235 3037 1323 3074; x_wconf 79' lang='lat' dir='ltr'><strong>emesa-</strong></span> 
     </span>
     <span class='ocr_line' id='line_1_30' title="bbox 214 3088 1324 3172; baseline 0 -30"><span class='ocrx_word' id='word_1_268' title='bbox 214 3091 326 3142; x_wconf 90' lang='lat' dir='ltr'><strong>dationis</strong></span> <span class='ocrx_word' id='word_1_269' title='bbox 350 3091 500 3143; x_wconf 82' lang='lat' dir='ltr'><strong>revocandis</strong></span> <span class='ocrx_word' id='word_1_270' title='bbox 516 3091 560 3160; x_wconf 93' lang='lat' dir='ltr'><strong>qui</strong></span> <span class='ocrx_word' id='word_1_271' title='bbox 578 3099 727 3172; x_wconf 82' lang='lat' dir='ltr'><strong>peccarunt.</strong></span> <span class='ocrx_word' id='word_1_272' title='bbox 761 3091 802 3144; x_wconf 92' lang='lat' dir='ltr'><strong>his</strong></span> <span class='ocrx_word' id='word_1_273' title='bbox 815 3092 857 3143; x_wconf 87' lang='lat' dir='ltr'><strong>sic</strong></span> <span class='ocrx_word' id='word_1_274' title='bbox 874 3091 900 3142; x_wconf 91' lang='lat' dir='ltr'><strong>in</strong></span> <span class='ocrx_word' id='word_1_275' title='bbox 918 3097 1046 3144; x_wconf 84' lang='lat' dir='ltr'><strong>conventu</strong></span> <span class='ocrx_word' id='word_1_276' title='bbox 1062 3089 1187 3144; x_wconf 78' lang='lat' dir='ltr'><strong>stabilitas</strong></span> <span class='ocrx_word' id='word_1_277' title='bbox 1206 3088 1324 3159; x_wconf 79' lang='lat' dir='ltr'><strong>patriar-</strong></span> 
     </span>
     <span class='ocr_line' id='line_1_31' title="bbox 214 3158 1324 3230; baseline -0.001 -18"><span class='ocrx_word' id='word_1_278' title='bbox 214 3159 280 3222; x_wconf 66' lang='lat' dir='ltr'><strong>chae</strong></span> <span class='ocrx_word' id='word_1_279' title='bbox 297 3159 411 3210; x_wconf 85' lang='lat' dir='ltr'><strong>indicant</strong></span> <span class='ocrx_word' id='word_1_280' title='bbox 429 3177 523 3228; x_wconf 87' lang='lat' dir='ltr'><strong>cupere</strong></span> <span class='ocrx_word' id='word_1_281' title='bbox 540 3160 670 3212; x_wconf 73' lang='lat' dir='ltr'><strong>antistites</strong></span> <span class='ocrx_word' id='word_1_282' title='bbox 687 3159 761 3212; x_wconf 90' lang='lat' dir='ltr'><strong>simui</strong></span> <span class='ocrx_word' id='word_1_283' title='bbox 778 3160 973 3230; x_wconf 76' lang='lat' dir='ltr'><strong>congregatori</strong></span> <span class='ocrx_word' id='word_1_284' title='bbox 1006 3175 1047 3212; x_wconf 89' lang='lat' dir='ltr'><strong>um</strong></span> <span class='ocrx_word' id='word_1_285' title='bbox 1065 3159 1168 3229; x_wconf 85' lang='lat' dir='ltr'><strong>alloqui.</strong></span> <span class='ocrx_word' id='word_1_286' title='bbox 1202 3158 1324 3226; x_wconf 80' lang='lat' dir='ltr'><strong>assigne-</strong></span> 
     </span>
     <span class='ocr_line' id='line_1_32' title="bbox 216 3227 1325 3298; baseline 0.001 -19"><span class='ocrx_word' id='word_1_287' title='bbox 216 3233 258 3279; x_wconf 88' lang='lat' dir='ltr'><strong>tas</strong></span> <span class='ocrx_word' id='word_1_288' title='bbox 284 3229 317 3280; x_wconf 87' lang='lat' dir='ltr'><strong>ad</strong></span> <span class='ocrx_word' id='word_1_289' title='bbox 341 3229 389 3280; x_wconf 89' lang='lat' dir='ltr'><strong>hoe</strong></span> <span class='ocrx_word' id='word_1_290' title='bbox 413 3227 483 3280; x_wconf 89' lang='lat' dir='ltr'><strong>loeus</strong></span> <span class='ocrx_word' id='word_1_291' title='bbox 505 3229 589 3281; x_wconf 89' lang='lat' dir='ltr'><strong>estin</strong></span> <span class='ocrx_word' id='word_1_292' title='bbox 607 3229 814 3298; x_wconf 84' lang='lat' dir='ltr'><strong>aedibusmagui</strong></span> <span class='ocrx_word' id='word_1_293' title='bbox 838 3229 975 3282; x_wconf 80' lang='lat' dir='ltr'><strong>ecclesiam</strong></span> <span class='ocrx_word' id='word_1_294' title='bbox 993 3246 1040 3292; x_wconf 89' lang='lat' dir='ltr'><strong>ae,</strong></span> <span class='ocrx_word' id='word_1_295' title='bbox 1084 3245 1117 3280; x_wconf 90' lang='lat' dir='ltr'><strong>uo</strong></span> <span class='ocrx_word' id='word_1_296' title='bbox 1135 3245 1192 3280; x_wconf 87' lang='lat' dir='ltr'><strong>eum</strong></span> <span class='ocrx_word' id='word_1_297' title='bbox 1209 3227 1325 3280; x_wconf 84' lang='lat' dir='ltr'><strong>venisset</strong></span> 
     </span>
     <span class='ocr_line' id='line_1_33' title="bbox 214 3245 1325 3378; baseline 0.001 -29"><span class='ocrx_word' id='word_1_298' title='bbox 214 3297 377 3368; x_wconf 86' lang='lat' dir='ltr'><strong>patriarcba,</strong></span> <span class='ocrx_word' id='word_1_299' title='bbox 401 3297 562 3352; x_wconf 82' lang='lat' dir='ltr'><strong>considentes</strong></span> <span class='ocrx_word' id='word_1_300' title='bbox 584 3298 699 3366; x_wconf 90' lang='lat' dir='ltr'><strong>episcopi</strong></span> <span class='ocrx_word' id='word_1_301' title='bbox 723 3315 755 3350; x_wconf 86' lang='lat' dir='ltr'><strong>ex</strong></span> <span class='ocrx_word' id='word_1_302' title='bbox 777 3316 809 3350; x_wconf 92' lang='lat' dir='ltr'><strong>eo</strong></span> <span class='ocrx_word' id='word_1_303' title='bbox 831 3315 860 3352; x_wconf 83' lang='lat' dir='ltr'><strong>se</strong></span> <span class='ocrx_word' id='word_1_304' title='bbox 881 3298 947 3351; x_wconf 85' lang='lat' dir='ltr'><strong>velle</strong></span> <span class='ocrx_word' id='word_1_305' title='bbox 963 3297 1053 3350; x_wconf 88' lang='lat' dir='ltr'><strong>andire</strong></span> <span class='ocrx_word' id='word_1_306' title='bbox 1066 3245 1190 3348; x_wconf 71' lang='lat' dir='ltr'><strong>iixerunt</strong></span> <span class='ocrx_word' id='word_1_307' title='bbox 1205 3313 1271 3378; x_wconf 88' lang='lat' dir='ltr'><strong>quas</strong></span> <span class='ocrx_word' id='word_1_308' title='bbox 1289 3297 1325 3350; x_wconf 87' lang='lat' dir='ltr'><strong>ob</strong></span> 
     </span>
     <span class='ocr_line' id='line_1_34' title="bbox 216 3363 1325 3434; baseline 0 -17"><span class='ocrx_word' id='word_1_309' title='bbox 216 3383 308 3418; x_wconf 86' lang='lat' dir='ltr'><strong>causas</strong></span> <span class='ocrx_word' id='word_1_310' title='bbox 326 3383 358 3418; x_wconf 86' lang='lat' dir='ltr'><strong>ea</strong></span> <span class='ocrx_word' id='word_1_311' title='bbox 375 3383 442 3434; x_wconf 87' lang='lat' dir='ltr'><strong>quae</strong></span> <span class='ocrx_word' id='word_1_312' title='bbox 459 3367 544 3420; x_wconf 78' lang='lat' dir='ltr'><strong>Sabas</strong></span> <span class='ocrx_word' id='word_1_313' title='bbox 561 3369 708 3419; x_wconf 81' lang='lat' dir='ltr'><strong>attentabat</strong></span> <span class='ocrx_word' id='word_1_314' title='bbox 725 3367 832 3420; x_wconf 75' lang='lat' dir='ltr'><strong>fierent:</strong></span> <span class='ocrx_word' id='word_1_315' title='bbox 850 3385 899 3420; x_wconf 90' lang='lat' dir='ltr'><strong>nou</strong></span> <span class='ocrx_word' id='word_1_316' title='bbox 916 3366 981 3421; x_wconf 88' lang='lat' dir='ltr'><strong>enim</strong></span> <span class='ocrx_word' id='word_1_317' title='bbox 999 3382 1058 3419; x_wconf 87' lang='lat' dir='ltr'><strong>essa</strong></span> <span class='ocrx_word' id='word_1_318' title='bbox 1074 3366 1119 3419; x_wconf 89' lang='lat' dir='ltr'><strong>ills</strong></span> <span class='ocrx_word' id='word_1_319' title='bbox 1135 3363 1325 3428; x_wconf 72' lang='lat' dir='ltr'><strong>ecelesiastica,</strong></span> 
     </span>
     <span class='ocr_line' id='line_1_35' title="bbox 215 3435 1327 3505; baseline 0 -19"><span class='ocrx_word' id='word_1_320' title='bbox 215 3435 261 3486; x_wconf 85' lang='lat' dir='ltr'><strong>sed</strong></span> <span class='ocrx_word' id='word_1_321' title='bbox 282 3435 415 3500; x_wconf 82' lang='lat' dir='ltr'><strong>tyrannica</strong></span> <span class='ocrx_word' id='word_1_322' title='bbox 439 3443 506 3488; x_wconf 87' lang='lat' dir='ltr'><strong>acta.</strong></span> <span class='ocrx_word' id='word_1_323' title='bbox 542 3436 582 3488; x_wconf 88' lang='lat' dir='ltr'><strong>his</strong></span> <span class='ocrx_word' id='word_1_324' title='bbox 599 3436 676 3488; x_wconf 89' lang='lat' dir='ltr'><strong>dictis</strong></span> <span class='ocrx_word' id='word_1_325' title='bbox 694 3435 865 3489; x_wconf 83' lang='lat' dir='ltr'><strong>adinnxemnt</strong></span> <span class='ocrx_word' id='word_1_326' title='bbox 882 3435 1066 3505; x_wconf 83' lang='lat' dir='ltr'><strong>expositionem</strong></span> <span class='ocrx_word' id='word_1_327' title='bbox 1083 3435 1245 3488; x_wconf 83' lang='lat' dir='ltr'><strong>vexationum</strong></span> <span class='ocrx_word' id='word_1_328' title='bbox 1262 3435 1327 3504; x_wconf 89' lang='lat' dir='ltr'><strong>qui·</strong></span> 
     </span>
     <span class='ocr_line' id='line_1_36' title="bbox 215 3502 1325 3576; baseline 0.001 -21"><span class='ocrx_word' id='word_1_329' title='bbox 215 3505 264 3556; x_wconf 89' lang='lat' dir='ltr'><strong>bns</strong></span> <span class='ocrx_word' id='word_1_330' title='bbox 281 3503 366 3555; x_wconf 87' lang='lat' dir='ltr'><strong>Sabas</strong></span> <span class='ocrx_word' id='word_1_331' title='bbox 384 3506 495 3557; x_wconf 87' lang='lat' dir='ltr'><strong>ierrete</strong></span> <span class='ocrx_word' id='word_1_332' title='bbox 531 3513 622 3576; x_wconf 79' lang='lat' dir='ltr'><strong>ratque</strong></span> <span class='ocrx_word' id='word_1_333' title='bbox 639 3505 745 3558; x_wconf 88' lang='lat' dir='ltr'><strong>miseros</strong></span> <span class='ocrx_word' id='word_1_334' title='bbox 762 3506 884 3569; x_wconf 88' lang='lat' dir='ltr'><strong>clericos,</strong></span> <span class='ocrx_word' id='word_1_335' title='bbox 902 3512 930 3557; x_wconf 91' lang='lat' dir='ltr'><strong>et</strong></span> <span class='ocrx_word' id='word_1_336' title='bbox 945 3505 972 3557; x_wconf 91' lang='lat' dir='ltr'><strong>iu</strong></span> <span class='ocrx_word' id='word_1_337' title='bbox 990 3503 1189 3576; x_wconf 86' lang='lat' dir='ltr'><strong>ecclesiasticum</strong></span> <span class='ocrx_word' id='word_1_338' title='bbox 1207 3502 1325 3556; x_wconf 90' lang='lat' dir='ltr'><strong>ordinem</strong></span> 
     </span>
     <span class='ocr_line' id='line_1_37' title="bbox 215 3572 1326 3643; baseline -0.002 -17"><span class='ocrx_word' id='word_1_339' title='bbox 215 3572 360 3626; x_wconf 83' lang='lat' dir='ltr'><strong>universum</strong></span> <span class='ocrx_word' id='word_1_340' title='bbox 383 3573 446 3626; x_wconf 78' lang='lat' dir='ltr'><strong>dam</strong></span> <span class='ocrx_word' id='word_1_341' title='bbox 470 3589 502 3643; x_wconf 88' lang='lat' dir='ltr'><strong>pa</strong></span> <span class='ocrx_word' id='word_1_342' title='bbox 514 3591 571 3636; x_wconf 90' lang='lat' dir='ltr'><strong>am,</strong></span> <span class='ocrx_word' id='word_1_343' title='bbox 595 3574 664 3626; x_wconf 86' lang='lat' dir='ltr'><strong>intus</strong></span> <span class='ocrx_word' id='word_1_344' title='bbox 689 3579 716 3626; x_wconf 90' lang='lat' dir='ltr'><strong>et</strong></span> <span class='ocrx_word' id='word_1_345' title='bbox 739 3583 813 3628; x_wconf 86' lang='lat' dir='ltr'><strong>extra</strong></span> <span class='ocrx_word' id='word_1_346' title='bbox 829 3575 973 3627; x_wconf 86' lang='lat' dir='ltr'><strong>immaniter</strong></span> <span class='ocrx_word' id='word_1_347' title='bbox 989 3575 1134 3643; x_wconf 86' lang='lat' dir='ltr'><strong>acerbeque</strong></span> <span class='ocrx_word' id='word_1_348' title='bbox 1150 3577 1326 3642; x_wconf 68' lang='lat' dir='ltr'><strong>grasaretur.</strong></span> 
     </span>
     <span class='ocr_line' id='line_1_38' title="bbox 215 3641 1327 3713; baseline -0.002 -19"><span class='ocrx_word' id='word_1_349' title='bbox 215 3659 248 3694; x_wconf 89' lang='lat' dir='ltr'><strong>ea</strong></span> <span class='ocrx_word' id='word_1_350' title='bbox 270 3642 314 3694; x_wconf 87' lang='lat' dir='ltr'><strong>iiie</strong></span> <span class='ocrx_word' id='word_1_351' title='bbox 334 3641 421 3695; x_wconf 89' lang='lat' dir='ltr'><strong>audita</strong></span> <span class='ocrx_word' id='word_1_352' title='bbox 437 3643 474 3695; x_wconf 89' lang='lat' dir='ltr'><strong>sie</strong></span> <span class='ocrx_word' id='word_1_353' title='bbox 492 3660 596 3712; x_wconf 87' lang='lat' dir='ltr'><strong>prorsus</strong></span> <span class='ocrx_word' id='word_1_354' title='bbox 619 3651 748 3713; x_wconf 86' lang='lat' dir='ltr'><strong>tamquam</strong></span> <span class='ocrx_word' id='word_1_355' title='bbox 765 3644 827 3697; x_wconf 89' lang='lat' dir='ltr'><strong>nihil</strong></span> <span class='ocrx_word' id='word_1_356' title='bbox 844 3644 877 3696; x_wconf 89' lang='lat' dir='ltr'><strong>ad</strong></span> <span class='ocrx_word' id='word_1_357' title='bbox 895 3661 923 3696; x_wconf 86' lang='lat' dir='ltr'><strong>se</strong></span> <span class='ocrx_word' id='word_1_358' title='bbox 940 3643 1100 3712; x_wconf 85' lang='lat' dir='ltr'><strong>pertinerent</strong></span> <span class='ocrx_word' id='word_1_359' title='bbox 1115 3641 1247 3711; x_wconf 76' lang='lat' dir='ltr'><strong>negligere</strong></span> <span class='ocrx_word' id='word_1_360' title='bbox 1264 3642 1327 3693; x_wconf 84' lang='lat' dir='ltr'><strong>inn-</strong></span> 
     </span>
     <span class='ocr_line' id='line_1_39' title="bbox 216 3709 1327 3782; baseline 0 -20"><span class='ocrx_word' id='word_1_361' title='bbox 216 3709 286 3763; x_wconf 86' lang='lat' dir='ltr'><strong>ditus</strong></span> <span class='ocrx_word' id='word_1_362' title='bbox 311 3711 384 3764; x_wconf 82' lang='lat' dir='ltr'><strong>risus</strong></span> <span class='ocrx_word' id='word_1_363' title='bbox 408 3719 463 3775; x_wconf 87' lang='lat' dir='ltr'><strong>est,</strong></span> <span class='ocrx_word' id='word_1_364' title='bbox 483 3713 580 3764; x_wconf 88' lang='lat' dir='ltr'><strong>addens</strong></span> <span class='ocrx_word' id='word_1_365' title='bbox 598 3719 625 3764; x_wconf 89' lang='lat' dir='ltr'><strong>et</strong></span> <span class='ocrx_word' id='word_1_366' title='bbox 641 3729 800 3782; x_wconf 89' lang='lat' dir='ltr'><strong>conquerens</strong></span> <span class='ocrx_word' id='word_1_367' title='bbox 817 3713 879 3766; x_wconf 85' lang='lat' dir='ltr'><strong>talia</strong></span> <span class='ocrx_word' id='word_1_368' title='bbox 896 3715 929 3766; x_wconf 89' lang='lat' dir='ltr'><strong>ab</strong></span> <span class='ocrx_word' id='word_1_369' title='bbox 946 3711 996 3764; x_wconf 86' lang='lat' dir='ltr'><strong>illis</strong></span> <span class='ocrx_word' id='word_1_370' title='bbox 1013 3711 1148 3766; x_wconf 86' lang='lat' dir='ltr'><strong>memorari</strong></span> <span class='ocrx_word' id='word_1_371' title='bbox 1172 3715 1327 3780; x_wconf 67' lang='lat' dir='ltr'><strong>maetextus</strong></span> 
     </span>
     <span class='ocr_line' id='line_1_40' title="bbox 216 3779 1327 3864; baseline -0.001 -31"><span class='ocrx_word' id='word_1_372' title='bbox 216 3781 369 3833; x_wconf 86' lang='lat' dir='ltr'><strong>secessionis</strong></span> <span class='ocrx_word' id='word_1_373' title='bbox 393 3799 409 3840; x_wconf 81' lang='lat' dir='ltr'><strong>a</strong></span> <span class='ocrx_word' id='word_1_374' title='bbox 431 3797 461 3834; x_wconf 91' lang='lat' dir='ltr'><strong>se</strong></span> <span class='ocrx_word' id='word_1_375' title='bbox 482 3781 615 3834; x_wconf 83' lang='lat' dir='ltr'><strong>iaciendas</strong></span> <span class='ocrx_word' id='word_1_376' title='bbox 659 3783 831 3836; x_wconf 88' lang='lat' dir='ltr'><strong>naerentibus.</strong></span> <span class='ocrx_word' id='word_1_377' title='bbox 866 3799 947 3851; x_wconf 88' lang='lat' dir='ltr'><strong>quare</strong></span> <span class='ocrx_word' id='word_1_378' title='bbox 973 3797 1188 3864; x_wconf 84' lang='lat' dir='ltr'><strong>supervacaneum</strong></span> <span class='ocrx_word' id='word_1_379' title='bbox 1206 3797 1235 3832; x_wconf 89' lang='lat' dir='ltr'><strong>se</strong></span> <span class='ocrx_word' id='word_1_380' title='bbox 1251 3779 1327 3832; x_wconf 84' lang='lat' dir='ltr'><strong>arbi-</strong></span> 
     </span>
     <span class='ocr_line' id='line_1_41' title="bbox 216 3847 1328 3918; baseline -0.001 -17"><span class='ocrx_word' id='word_1_381' title='bbox 216 3848 282 3901; x_wconf 88' lang='lat' dir='ltr'><strong>trari</strong></span> <span class='ocrx_word' id='word_1_382' title='bbox 305 3867 392 3902; x_wconf 87' lang='lat' dir='ltr'><strong>curam</strong></span> <span class='ocrx_word' id='word_1_383' title='bbox 415 3849 490 3902; x_wconf 89' lang='lat' dir='ltr'><strong>ullam</strong></span> <span class='ocrx_word' id='word_1_384' title='bbox 514 3867 614 3903; x_wconf 75' lang='lat' dir='ltr'><strong>annuere</strong></span> <span class='ocrx_word' id='word_1_385' title='bbox 636 3867 651 3902; x_wconf 94' lang='lat' dir='ltr'><strong>o</strong></span> <span class='ocrx_word' id='word_1_386' title='bbox 671 3849 808 3904; x_wconf 82' lang='lat' dir='ltr'><strong>lectionum</strong></span> <span class='ocrx_word' id='word_1_387' title='bbox 830 3851 974 3904; x_wconf 85' lang='lat' dir='ltr'><strong>istiusmodi</strong></span> <span class='ocrx_word' id='word_1_388' title='bbox 991 3849 1175 3908; x_wconf 78' lang='lat' dir='ltr'><strong>diluendamm.</strong></span> <span class='ocrx_word' id='word_1_389' title='bbox 1211 3847 1252 3901; x_wconf 89' lang='lat' dir='ltr'><strong>his</strong></span> <span class='ocrx_word' id='word_1_390' title='bbox 1267 3847 1328 3918; x_wconf 86' lang='lat' dir='ltr'><strong>epi-</strong></span> 
     </span>
     <span class='ocr_line' id='line_1_42' title="bbox 216 3919 1329 3990; baseline 0 -20"><span class='ocrx_word' id='word_1_391' title='bbox 216 3919 287 3990; x_wconf 89' lang='lat' dir='ltr'><strong>scopi</strong></span> <span class='ocrx_word' id='word_1_392' title='bbox 314 3920 394 3972; x_wconf 84' lang='lat' dir='ltr'><strong>multa</strong></span> <span class='ocrx_word' id='word_1_393' title='bbox 419 3926 589 3988; x_wconf 89' lang='lat' dir='ltr'><strong>reposuerunt</strong></span> <span class='ocrx_word' id='word_1_394' title='bbox 612 3919 704 3987; x_wconf 90' lang='lat' dir='ltr'><strong>quibus</strong></span> <span class='ocrx_word' id='word_1_395' title='bbox 727 3921 751 3973; x_wconf 88' lang='lat' dir='ltr'><strong>ei</strong></span> <span class='ocrx_word' id='word_1_396' title='bbox 774 3921 930 3990; x_wconf 85' lang='lat' dir='ltr'><strong>persuadere</strong></span> <span class='ocrx_word' id='word_1_397' title='bbox 946 3927 1100 3972; x_wconf 84' lang='lat' dir='ltr'><strong>conarentur</strong></span> <span class='ocrx_word' id='word_1_398' title='bbox 1117 3934 1201 3987; x_wconf 85' lang='lat' dir='ltr'><strong>aequa</strong></span> <span class='ocrx_word' id='word_1_399' title='bbox 1217 3925 1245 3970; x_wconf 89' lang='lat' dir='ltr'><strong>et</strong></span> <span class='ocrx_word' id='word_1_400' title='bbox 1263 3934 1329 3970; x_wconf 83' lang='lat' dir='ltr'><strong>oon·</strong></span> 
     </span>
     <span class='ocr_line' id='line_1_43' title="bbox 218 3985 1328 4059; baseline 0.002 -21"><span class='ocrx_word' id='word_1_401' title='bbox 218 3995 343 4040; x_wconf 82' lang='lat' dir='ltr'><strong>sentauea</strong></span> <span class='ocrx_word' id='word_1_402' title='bbox 359 4005 388 4041; x_wconf 91' lang='lat' dir='ltr'><strong>se</strong></span> <span class='ocrx_word' id='word_1_403' title='bbox 405 4005 526 4057; x_wconf 80' lang='lat' dir='ltr'><strong>poscere:</strong></span> <span class='ocrx_word' id='word_1_404' title='bbox 552 3988 598 4040; x_wconf 88' lang='lat' dir='ltr'><strong>sed</strong></span> <span class='ocrx_word' id='word_1_405' title='bbox 623 4005 679 4042; x_wconf 86' lang='lat' dir='ltr'><strong>eum</strong></span> <span class='ocrx_word' id='word_1_406' title='bbox 697 3990 758 4042; x_wconf 89' lang='lat' dir='ltr'><strong>nihil</strong></span> <span class='ocrx_word' id='word_1_407' title='bbox 777 3989 867 4059; x_wconf 84' lang='lat' dir='ltr'><strong>profici</strong></span> <span class='ocrx_word' id='word_1_408' title='bbox 889 3989 1122 4042; x_wconf 83' lang='lat' dir='ltr'><strong>animadverterent</strong></span> <span class='ocrx_word' id='word_1_409' title='bbox 1143 3987 1200 4058; x_wconf 87' lang='lat' dir='ltr'><strong>ipso</strong></span> <span class='ocrx_word' id='word_1_410' title='bbox 1222 3985 1328 4040; x_wconf 67' lang='lat' dir='ltr'><strong>nuem-</strong></span> 
     </span>
     <span class='ocr_line' id='line_1_44' title="bbox 217 4055 1328 4128; baseline -0.001 -20"><span class='ocrx_word' id='word_1_411' title='bbox 217 4057 305 4110; x_wconf 87' lang='lat' dir='ltr'><strong>biliter</strong></span> <span class='ocrx_word' id='word_1_412' title='bbox 328 4058 354 4109; x_wconf 91' lang='lat' dir='ltr'><strong>in</strong></span> <span class='ocrx_word' id='word_1_413' title='bbox 378 4057 473 4110; x_wconf 87' lang='lat' dir='ltr'><strong>duritie</strong></span> <span class='ocrx_word' id='word_1_414' title='bbox 497 4063 645 4126; x_wconf 88' lang='lat' dir='ltr'><strong>perstante,</strong></span> <span class='ocrx_word' id='word_1_415' title='bbox 671 4058 740 4111; x_wconf 89' lang='lat' dir='ltr'><strong>clare</strong></span> <span class='ocrx_word' id='word_1_416' title='bbox 755 4059 803 4128; x_wconf 91' lang='lat' dir='ltr'><strong>ipsi</strong></span> <span class='ocrx_word' id='word_1_417' title='bbox 820 4057 1004 4111; x_wconf 84' lang='lat' dir='ltr'><strong>denuntiarunt</strong></span> <span class='ocrx_word' id='word_1_418' title='bbox 1020 4057 1079 4126; x_wconf 80' lang='lat' dir='ltr'><strong>engi</strong></span> <span class='ocrx_word' id='word_1_419' title='bbox 1095 4075 1125 4111; x_wconf 90' lang='lat' dir='ltr'><strong>se</strong></span> <span class='ocrx_word' id='word_1_420' title='bbox 1141 4055 1227 4110; x_wconf 81' lang='lat' dir='ltr'><strong>officio</strong></span> <span class='ocrx_word' id='word_1_421' title='bbox 1245 4055 1279 4107; x_wconf 79' lang='lat' dir='ltr'><strong>asi</strong></span> <span class='ocrx_word' id='word_1_422' title='bbox 1296 4071 1328 4108; x_wconf 86' lang='lat' dir='ltr'><strong>se</strong></span> 
     </span>
     <span class='ocr_line' id='line_1_45' title="bbox 216 4123 1327 4197; baseline 0.001 -20"><span class='ocrx_word' id='word_1_423' title='bbox 216 4125 288 4195; x_wconf 89' lang='lat' dir='ltr'><strong>ipsus</strong></span> <span class='ocrx_word' id='word_1_424' title='bbox 313 4144 329 4180; x_wconf 91' lang='lat' dir='ltr'><strong>a</strong></span> <span class='ocrx_word' id='word_1_425' title='bbox 354 4131 407 4180; x_wconf 68' lang='lat' dir='ltr'><strong>mm</strong></span> <span class='ocrx_word' id='word_1_426' title='bbox 430 4125 658 4178; x_wconf 80' lang='lat' dir='ltr'><strong>inconvenientium</strong></span> <span class='ocrx_word' id='word_1_427' title='bbox 691 4135 807 4180; x_wconf 87' lang='lat' dir='ltr'><strong>aetorum</strong></span> <span class='ocrx_word' id='word_1_428' title='bbox 835 4127 902 4180; x_wconf 83' lang='lat' dir='ltr'><strong>orani</strong></span> <span class='ocrx_word' id='word_1_429' title='bbox 927 4127 1126 4197; x_wconf 82' lang='lat' dir='ltr'><strong>participatione</strong></span> <span class='ocrx_word' id='word_1_430' title='bbox 1148 4123 1327 4180; x_wconf 73' lang='lat' dir='ltr'><strong>redemtos</strong></span> 
     </span>
     <span class='ocr_line' id='line_1_46' title="bbox 218 4195 1329 4267; baseline 0.002 -23"><span class='ocrx_word' id='word_1_431' title='bbox 218 4211 301 4264; x_wconf 87' lang='lat' dir='ltr'><strong>neque</strong></span> <span class='ocrx_word' id='word_1_432' title='bbox 327 4196 393 4248; x_wconf 90' lang='lat' dir='ltr'><strong>enim</strong></span> <span class='ocrx_word' id='word_1_433' title='bbox 411 4211 440 4246; x_wconf 87' lang='lat' dir='ltr'><strong>se</strong></span> <span class='ocrx_word' id='word_1_434' title='bbox 457 4212 532 4264; x_wconf 88' lang='lat' dir='ltr'><strong>posse</strong></span> <span class='ocrx_word' id='word_1_435' title='bbox 549 4195 631 4248; x_wconf 84' lang='lat' dir='ltr'><strong>iustae</strong></span> <span class='ocrx_word' id='word_1_436' title='bbox 649 4213 782 4250; x_wconf 81' lang='lat' dir='ltr'><strong>censuram</strong></span> <span class='ocrx_word' id='word_1_437' title='bbox 806 4196 1012 4267; x_wconf 86' lang='lat' dir='ltr'><strong>reprehensionis</strong></span> <span class='ocrx_word' id='word_1_438' title='bbox 1028 4197 1078 4248; x_wconf 89' lang='lat' dir='ltr'><strong>ulle</strong></span> <span class='ocrx_word' id='word_1_439' title='bbox 1096 4195 1261 4249; x_wconf 81' lang='lat' dir='ltr'><strong>excusatione</strong></span> <span class='ocrx_word' id='word_1_440' title='bbox 1284 4195 1329 4246; x_wconf 79' lang='lat' dir='ltr'><strong>fn-</strong></span> 
     </span>
     <span class='ocr_line' id='line_1_47' title="bbox 218 4263 1329 4336; baseline 0 -22"><span class='ocrx_word' id='word_1_441' title='bbox 218 4279 290 4330; x_wconf 74' lang='lat' dir='ltr'><strong>gere,</strong></span> <span class='ocrx_word' id='word_1_442' title='bbox 305 4263 327 4318; x_wconf 90' lang='lat' dir='ltr'><strong>si</strong></span> <span class='ocrx_word' id='word_1_443' title='bbox 344 4263 532 4334; x_wconf 80' lang='lat' dir='ltr'><strong>perseverando</strong></span> <span class='ocrx_word' id='word_1_444' title='bbox 549 4263 574 4316; x_wconf 90' lang='lat' dir='ltr'><strong>in</strong></span> <span class='ocrx_word' id='word_1_445' title='bbox 592 4267 766 4319; x_wconf 88' lang='lat' dir='ltr'><strong>communione</strong></span> <span class='ocrx_word' id='word_1_446' title='bbox 783 4285 838 4318; x_wconf 87' lang='lat' dir='ltr'><strong>cun</strong></span> <span class='ocrx_word' id='word_1_447' title='bbox 855 4266 888 4319; x_wconf 87' lang='lat' dir='ltr'><strong>iis</strong></span> <span class='ocrx_word' id='word_1_448' title='bbox 905 4266 948 4336; x_wconf 89' lang='lat' dir='ltr'><strong>qui</strong></span> <span class='ocrx_word' id='word_1_449' title='bbox 967 4266 1005 4318; x_wconf 88' lang='lat' dir='ltr'><strong>sie</strong></span> <span class='ocrx_word' id='word_1_450' title='bbox 1019 4265 1164 4318; x_wconf 87' lang='lat' dir='ltr'><strong>inordinate</strong></span> <span class='ocrx_word' id='word_1_451' title='bbox 1181 4281 1214 4318; x_wconf 86' lang='lat' dir='ltr'><strong>ae</strong></span> <span class='ocrx_word' id='word_1_452' title='bbox 1229 4269 1329 4318; x_wconf 61' lang='lat' dir='ltr'><strong>umere</strong></span> 
     </span>
     <span class='ocr_line' id='line_1_48' title="bbox 219 4332 1328 4408; baseline 0.005 -26"><span class='ocrx_word' id='word_1_453' title='bbox 219 4343 403 4402; x_wconf 85' lang='lat' dir='ltr'><strong>operarentur,</strong></span> <span class='ocrx_word' id='word_1_454' title='bbox 419 4341 470 4388; x_wconf 89' lang='lat' dir='ltr'><strong>tam</strong></span> <span class='ocrx_word' id='word_1_455' title='bbox 488 4332 696 4404; x_wconf 82' lang='lat' dir='ltr'><strong>improbabilibus</strong></span> <span class='ocrx_word' id='word_1_456' title='bbox 713 4335 790 4391; x_wconf 82' lang='lat' dir='ltr'><strong>iactis</strong></span> <span class='ocrx_word' id='word_1_457' title='bbox 804 4335 998 4408; x_wconf 81' lang='lat' dir='ltr'><strong>approbationis</strong></span> <span class='ocrx_word' id='word_1_458' title='bbox 1015 4351 1077 4389; x_wconf 82' lang='lat' dir='ltr'><strong>sose</strong></span> <span class='ocrx_word' id='word_1_459' title='bbox 1095 4351 1225 4405; x_wconf 84' lang='lat' dir='ltr'><strong>apponere</strong></span> <span class='ocrx_word' id='word_1_460' title='bbox 1240 4333 1328 4388; x_wconf 72' lang='lat' dir='ltr'><strong>ealon</strong></span> 
     </span>
    </p>
   </div>
   <div class='ocr_carea' id='block_1_4' title="bbox 0 0 1418 4786">
    <p class='ocr_par' dir='ltr' id='par_1_4' title="bbox 0 0 1418 4786">
     <span class='ocr_line' id='line_1_49' title="bbox 0 0 1418 4786; baseline 0 0"><span class='ocrx_word' id='word_1_461' title='bbox 0 0 1418 4786; x_wconf 95' lang='lat' dir='ltr'><strong> </strong></span> 
     </span>
    </p>
   </div>
  </div>
 </body>
</html>
