2776 4786
241 302 302 367 na
327 301 579 371 auouomco
608 303 889 373 ramuoaooo
911 307 947 374 ι.
969 307 994 372 1.
1018 285 1024 298 ’
1110 309 1182 378 107

80 471 145 540 rire
164 481 327 552 παντελῶς
346 475 570 562 διεφθείροντο.
621 481 728 560 κτῆσις
750 475 785 541 di
806 471 924 544 τοότοιν
939 475 964 562 ἢ
975 473 1032 558 μὲν
1048 476 1182 564 διηρπά-

81 583 160 658 ζετο,
189 575 311 666 ἦδίγε
328 582 379 644 καί
394 585 539 662 περιοῦσα
557 585 657 655 κακῶς
672 575 919 662 παραπόλλυτσ,
947 579 1083 666 εόστεμὴ
1098 585 1182 660 οἵους

80 681 107 746 τ’
123 680 202 748 ιίναι
219 682 398 767 ἐγχρονίζειν
410 683 488 762 lust,
514 681 594 746 ἀλλὰ
608 687 666 748 ror'i
681 689 777 748 κακοῦ
793 681 1054 769 παραδραμόντος
1067 683 1182 762 αδτοδς

78 786 125 850 rui
140 777 240 861 αὖθις
253 784 311 868 τὴν
324 788 406 854 ίδίαν
425 781 672 867 ἀπολαμβάνειν,
701 791 822 870 συχνῶν
835 791 972 874 χρυσίων
992 795 1183 872 καταβολαίς

59 879 334 972 Ξίξευνησαμίνους
352 887 409 972 τὴν
431 889 595 956 κατοικίαν.
646 885 717 954 τότε
738 891 893 966 όὲιδείσας
915 894 965 954 καί
981 893 1048 974 περί
1065 898 1111 980 τῷ
1125 897 1182 958 rosi
1198 895 1222 948 Β

77 992 230 1071 βασιλιύς
244 987 367 1072 στόματι
382 987 398 1057 ὃ
413 999 535 1074 κρατῶν
542 1041 552 1071 ,
574 990 617 1074 μὴ
632 987 808 1070 ἐξελθόντες
821 993 849 1059 oi
862 989 986 1059 Σνόθαι
999 997 1048 1059 καλ
1062 993 1115 1060 τόν
1127 992 1182 1060 τό-

77 1121 132 1159 πον
156 1091 412 1178 καταδραμόντες
433 1094 490 1159 σδν
511 1099 635 1170 πολλοῖς
656 1093 760 1172 ἄλλοις
772 1098 822 1159 καί
840 1102 935 1162 τοῦτο
951 1093 1116 1180 λαβόντες,
1143 1097 1183 1180 ἢν

77 1195 119 1279 μή
139 1223 189 1274 τις
212 1193 332 1263 πολλοῦ
356 1199 513 1277 ίξωνοΐτο,
542 1192 583 1272 ὥς
606 1196 711 1274 αὐτοῖς
731 1196 814 1276 δόξαι
831 1199 991 1280 βασιλικὸν
1007 1205 1098 1282 σῶμα
1115 1227 1181 1267 πω-

79 1305 200 1379 λοῦσιν,
232 1298 400 1381 αίσχόνιυσι
414 1303 467 1366 καί,
479 1295 690 1385 λυμήνωνται,
716 1301 842 1386 πίμψας
861 1309 917 1386 τῆς
934 1304 989 1386 μίν
1004 1306 1071 1388 περί
1087 1305 1180 1369 ἐκεῖνο

50 1409 220 1490 1οιρυλαιιῇς
233 1403 307 1479 rode
322 1405 386 1469 ἐκεῖ
395 1403 469 1470 ἀνίει
478 1454 489 1485 ,
517 1395 560 1469 ὦν
580 1410 702 1488 πρῶτος
716 1395 753 1486 ἦν
768 1401 785 1471 d
801 1407 944 1488 ἐκτομίας
957 1406 1180 1490 Ἠανοπολίτης

83 1509 132 1570 roi
147 1507 240 1592 με’χας
254 1504 456 1592 δρουγγόριος
465 1555 476 1586 ,
504 1505 537 1582 tr
551 1509 602 1571 καί
616 1507 671 1572 τδν
687 1504 886 1594 ίερομόναχον
896 1507 1085 1588 Ἀθανόσιον
1101 1509 1180 1574 κατὰ

83 1609 122 1673 τὰ
137 1616 188 1674 rori
204 1613 236 1676 Γ
233 1607 308 1674 oiroo
325 1609 382 1696 όρη
399 1611 648 1695 ἐνδιατρίβοντα,
676 1608 825 1696 πρότερον
841 1618 885 1700 τῷ
900 1610 1176 1702 πορφυρογεννῆτῳ
1194 1619 1217 1672 C

81 1712 296 1794 ουσταθίντα,
331 1712 409 1800 παρ’
435 1704 470 1779 οδ
491 1739 524 1798 γε
547 1715 597 1777 καλ
617 1719 744 1778 πλεῖστα
768 1713 964 1800 εὐηργίτητο,
993 1723 1036 1806 τῷ
1061 1722 1185 1798 βασιλεῖ’

82 1823 219 1906 συνιυτζι.
271 1815 310 1880 τίν
329 1815 365 1882 dd
385 1822 530 1900 γεσῶμα
554 1814 742 1901 προστάσσει
759 1819 911 1904 φέροντας
926 1825 964 1905 τῇ
981 1819 1061 1886 nord
1078 1825 1181 1902 Σὴλυ-

52 1923 169 2010 ιᾶβρίαν
191 1925 249 1984 τοῦ
275 1926 416 2004 σωτῆρος
440 1925 520 2005 μονῇ
545 1920 577 1984 ἔν
600 1919 686 2007 αὐτῷ
700 1925 743 2007 τῷ
757 1927 822 2008 ναῷ
843 1922 922 2008 αὐτῇ
940 1917 1068 2006 λα’ρνακι
1084 1947 1182 1987 κατα-

81 2028 190 2088 θεῖναι.
245 2024 295 2088 κοί
311 2022 345 2090 rd
360 2023 417 2106 μίν
430 2019 529 2098 οὕτως
542 2019 752 2105 ἀνακομισθὲν
767 2030 821 2089 τοῦ
835 2021 1108 2110 Βουλχοροκτόνου
1119 2034 1182 2108 βυ·
1222 2013 1227 2018 ’

148 2205 191 2256 12
209 2197 245 2257 rei
257 2201 354 2260 decret.
460 2205 501 2258 16.
519 2201 686 2258 Βασιίτίουί

80 2375 169 2410 mnose
186 2357 294 2410 rendere
310 2356 394 2410 alieno
416 2361 547 2426 tempore,
570 2356 691 2411 vilissimo
714 2355 813 2428 pretio,
838 2357 1003 2425 cogebantur.
1040 2357 1181 2412 accedebat

81 2427 148 2495 quod
173 2427 262 2495 rigore
285 2427 389 2491 hiemis,
417 2444 469 2494 qua
486 2435 527 2480 est
545 2429 610 2480 haec
625 2433 733 2495 peracta
749 2425 900 2491 translatio,
926 2444 1043 2496 maguam
1061 2438 1089 2482 et
1105 2428 1182 2481 mise·

80 2513 132 2548 rum
155 2505 271 2563 stragem
296 2495 336 2548 edi
362 2497 483 2562 contigit,
506 2514 562 2550 cum
580 2496 721 2559 hominurn,
743 2494 890 2549 infirmioris
908 2498 1059 2566 praesertim
1076 2498 1179 2563 aetatis,

81 2571 130 2616 tum
151 2573 261 2618 tenerae
284 2566 408 2635 pecudum
431 2565 541 2630 sobolis;
568 2565 635 2617 uude
661 2568 776 2618 damnum
801 2564 864 2634 ipsis
886 2565 1063 2634 gravissimum
1082 2572 1122 2619 est
1138 2567 1180 2620 fu-

82 2641 160 2697 rtum
187 2651 220 2687 ae
238 2643 329 2686 neutro
347 2651 442 2704 genere
459 2651 524 2686 noro
542 2635 612 2687 coelo
629 2651 779 2686 assuescere
799 2633 917 2698 valente,
941 2636 1064 2687 mortibus
1081 2635 1106 2688 in
1124 2635 1180 2688 dies

80 2701 332 2768 irrerebescentibus‚
361 2702 490 2755 consilium
513 2704 683 2758 necessarium
707 2706 838 2755 obtrusum
863 2703 980 2772 pluribus
1003 2721 1089 2757 eortrm
1111 2703 1180 2757 redi·

80 2774 182 2826 rueudae
198 2772 351 2840 singillatim
369 2789 461 2833 maone
481 2772 590 2842 pecunia
607 2772 737 2825 facultatis
755 2771 888 2843 repetendi
906 2772 999 2825 natalis
1016 2773 1081 2840 soli,
1106 2781 1180 2826 extra

79 2841 142 2909 quod
166 2859 197 2894 se
221 2857 334 2911 suasque
359 2840 467 2894 familias
489 2841 532 2894 riu
556 2859 631 2912 posse
648 2842 737 2893 vivere
753 2841 809 2911 ipsa
826 2857 870 2893 eos
887 2841 1045 2909 experientia
1061 2843 1181 2895 docebst.

80 2911 123 2962 rob
148 2912 217 2964 banc
238 2919 267 2962 et
291 2910 343 2963 elia
369 2927 432 2962 cura
456 2909 563 2964 incessit
587 2910 771 2973 Andronicum,
797 2916 956 2979 reputantem
974 2909 1001 2962 iu
1019 2927 1051 2962 ea
1075 2912 1181 2979 regione

80 2995 151 3048 quam
174 2997 234 3032 mox
261 2979 411 3032 uastandam
436 2979 577 3032 incursione
595 2979 719 3046 Scythica
737 2987 819 3032 metue
836 2986 893 3031 erat
909 2979 1011 3031 nimium
1028 2980 1180 3045 verisimilis,

80 3047 163 3100 iacere
180 3067 277 3119 corpus
293 3048 428 3101 Michaelis
446 3050 553 3116 Augusti
571 3049 653 3117 patris
672 3049 725 3114 sui;
746 3047 814 3118 quod
832 3050 975 3117 apparebat
993 3065 1100 3117 rapaces
1118 3050 1181 3102 bar-

80 3117 156 3169 baros
171 3135 187 3170 a
203 3119 272 3170 nullo
289 3118 419 3182 facinore,
443 3120 511 3187 quod
528 3127 708 3187 quaestuosum
726 3126 861 3186 putarent,
890 3118 1073 3182 abhorrentes,
1098 3118 1181 3171 riola·

80 3193 151 3237 turos
169 3191 195 3237 et
209 3195 388 3256 asportaturos
401 3186 470 3252 iude,
486 3194 516 3239 ut
534 3205 565 3240 eo
583 3187 681 3239 scilicet
697 3187 795 3238 nornine
812 3204 828 3240 e
844 3185 957 3238 defuncti
974 3188 1118 3240 memoriam
1136 3205 1181 3240 co·

78 3257 189 3308 lentibus
205 3255 329 3325 pecunias
346 3254 524 3324 exprimerent.
560 3273 592 3308 ex
612 3273 662 3324 quo
687 3257 793 3308 alterum
810 3257 916 3318 duorum
933 3257 959 3307 in
976 3273 1005 3308 se
1022 3255 1181 3309 redundatu-

78 3342 132 3377 rum
150 3333 220 3378 esset
237 3325 435 3386 incommodum,
459 3333 488 3375 ut
509 3331 556 3378 aut
576 3324 705 3390 ingentem
722 3327 834 3395 superbo
851 3325 957 3377 arbitrio
975 3326 1178 3379 avarissimorum

77 3395 203 3447 latronum
219 3394 361 3462 profligare
378 3394 435 3445 auri
452 3411 581 3446 numerum
599 3395 706 3446 deberet
722 3395 869 3446 redimendo
885 3393 968 3462 patris
992 3395 1109 3464 corpori,
1135 3399 1182 3446 aut

79 3462 182 3531 insignis
201 3463 251 3516 sibi
269 3465 336 3514 foret
354 3463 486 3530 subeunda
503 3462 606 3515 infamia
623 3463 735 3531 neglecti
752 3463 832 3515 officii
851 3469 902 3515 tam
920 3463 967 3531 pii,
986 3464 1103 3531 augustis
1121 3463 1180 3514 reli-

79 3534 141 3600 quiis
159 3531 302 3586 Christiani
319 3529 449 3600 principis,
466 3531 509 3601 qui
526 3531 574 3584 sibi
592 3531 664 3583 vitae
681 3541 759 3602 utque
776 3533 874 3601 imperii
890 3540 981 3584 auctor
998 3532 1136 3596 extitisset,
1153 3530 1181 3584 iu

79 3607 206 3670 potestate
229 3603 355 3670 profanae
380 3600 524 3670 impiaeque
547 3600 677 3654 barbariei
701 3601 732 3654 ad
754 3600 889 3653 ludibrium
908 3601 1087 3670 relinquendis.
1121 3600 1181 3652 huic

79 3687 227 3723 occursurus
246 3670 328 3734 malo,
352 3685 417 3739 quos
435 3670 466 3721 ad
485 3669 566 3737 patris
582 3669 703 3723 tumulum
720 3670 745 3722 ei
762 3669 929 3722 custodiendo
946 3673 1124 3740 praefecerat,
1148 3669 1181 3721 lis

79 3747 106 3790 ut
129 3741 243 3794 statione
266 3738 424 3792 decederent
447 3738 562 3792 indulsit.
596 3740 693 3810 primus
718 3747 774 3791 erat
797 3740 887 3791 borum
904 3740 985 3808 spado
1003 3739 1180 3808 Eonopolites,

79 3823 179 3876 rreguos
196 3809 263 3861 idem
280 3807 450 3876 drungarius3
476 3808 519 3876 qui
537 3815 564 3860 et
580 3807 638 3860 iude
657 3808 758 3860 rediens
775 3808 996 3861 bierornonachum
1014 3807 1179 3860 Athanasium

79 3876 141 3932 eirca
157 3878 228 3932 Geni
247 3885 366 3930 montana
383 3883 593 3942 commorantem,
610 3877 648 3928 uti
666 3876 738 3947 prius
755 3878 973 3946 Porphyrogenito
991 3875 1182 3929 commendare·

79 3953 129 4010 ret,
152 3965 169 4000 a
186 3965 239 4017 quo
252 3946 373 4016 ,maximia
392 3951 432 3996 est
449 3945 578 3999 beneficiis
595 3945 718 4011 effeetus,
744 3946 781 3998 sic
798 3946 946 4015 imperatori
963 3962 1065 4015 quoque
1086 3941 1182 3996 obtulit

80 4012 103 4066 ia
117 4015 225 4088 eiusque
241 4017 353 4086 gratiam
370 4013 517 4066 insinuavit.
554 4015 682 4067 mandarit
705 4023 789 4068 autem
807 4017 844 4068 eis
861 4023 892 4068 ut.
906 4032 992 4067 secum
1009 4014 1121 4066 ablatum
1139 4011 1181 4063 sui

80 4087 184 4152 pereum
201 4084 369 4156 imperatoris
385 4083 495 4135 cadaver
517 4085 661 4151 Selybriam
684 4085 867 4153 deportarent,
890 4084 978 4153 ibique
1000 4081 1069 4150 apud
1092 4095 1182 4133 mona·

82 4155 176 4208 arrium
194 4153 339 4208 salvatoris
355 4153 383 4206 in
400 4152 454 4204 eius
472 4153 566 4222 temple
582 4153 753 4223 deponerent,
771 4161 802 4206 ut.
817 4160 882 4218 erat,
899 4153 957 4220 ipsa
975 4151 1101 4202 conditum
1119 4165 1181 4203 aros

81 4237 138 4288 quae
161 4239 253 4278 recens
279 4229 410 4275 mortuum
435 4231 579 4290 exceperat.
613 4221 651 4274 sic
672 4221 797 4276 translate
817 4239 877 4275 ossa
900 4219 1034 4274 Michaelis
1056 4218 1182 4273 collocata

79 4303 160 4349 sorte
178 4294 288 4364 regione
304 4289 421 4361 sepulcri
437 4289 619 4360 Balgaroctoni
634 4292 761 4361 Augusti,
784 4291 855 4345 ouius
880 4292 1012 4360 neglectos
1035 4296 1062 4342 et
1083 4288 1180 4342 irrere-
