2798 4786
270 271 326 338 DE
350 272 600 340 aunuomco
625 272 908 344 PALAEOLOGO
934 278 973 341 L.
996 277 1038 344 ll.
1140 277 1211 352 171

103 469 170 521 τοις
182 444 371 528 ἐξισωθῆναι
392 445 444 512 καί
463 444 503 510 τὰ
525 440 669 531 ἦμίτιρα.
687 503 688 506 ,
721 447 773 512 κοί
786 447 814 512 el
825 448 876 513 καί
888 442 987 516 πόθεν
999 455 1101 516 ταῦτα
1115 449 1214 535 ἐπῆλ-

101 556 161 614 θεν
181 544 275 631 ἡμῖν,
299 547 402 632 ἄδηλα
417 557 484 624 τοῖς
497 554 642 629 πολλοῖς,
670 547 743 614 ἀλλ’
761 549 896 634 οὐχίναί
916 558 993 642 θοῷ.
1047 549 1064 620 ὃ
1085 553 1144 638 γὰρ
1167 557 1213 619 εί-

103 652 170 718 aar
183 649 475 739 παρρησιασάμενος
486 650 564 735 πρὸς
576 653 653 718 θεὸν
667 648 716 718 ὅτι
734 649 750 718 ὅ
768 655 859 737 ζῆλος
872 659 930 720 τοῦ
946 653 1032 720 οἴκου
1047 680 1105 722 σου
1122 657 1214 724 κατί-

105 755 186 842 φογί
205 780 262 838 με,
287 751 351 820 alna
371 757 423 820 καί
445 754 475 820 οῖ
499 753 667 838 ὅνειδισμοί
690 761 752 822 τῶν
774 753 981 838 ὀνειδιζόντων
1004 781 1039 824 σε
1064 759 1251 828 ίπέπισονο

80 857 156 923 51π’
178 857 244 942 lat.
295 856 332 924 oui
352 857 412 943 γὰρ
432 855 589 941 ἡμετίρων
608 863 710 925 τοῦτο
730 857 923 944 σφαλμάτων
948 859 1136 942 ιίντίκτισις,
1163 867 1215 929 ναί

101 957 192 1048 χάρις
213 967 298 1050 θεῷ·
324 957 412 1044 ἡμεῖς
431 963 489 1042 μίν
513 954 708 1043 ἆδικοῦμινοι
730 960 830 1039 οὕτως
853 960 1066 1046 ἅδικούμεθο,
1094 961 1143 1032 ὅτι
1159 965 1215 1032 τὸν

103 1065 145 1148 μὴ
159 1062 272 1132 ἑαυτὸν
286 1063 455 1132 ἀδικοῦντα
468 1063 568 1141 οὐδεὶς
584 1061 714 1132 δύναται
729 1061 956 1151 παροβλοίψαι,
979 1062 998 1151 ἦ
1018 1069 1163 1152 ἐκκλησία
1179 1069 1214 1134 δὲ

103 1165 194 1234 ulmo
206 1165 348 1254 ὕβρίσθη
363 1171 414 1236 καί
429 1169 602 1252 ίζημίωται.
641 1169 688 1245 τίς
701 1166 767 1254 allai
782 1171 895 1254 ζημίας
921 1176 983 1236 τῶν
999 1177 1145 1253 μοναχῶν
1161 1173 1214 1236 καί

103 1274 305 1355 μονοζοσσῶν
330 1273 381 1337 καί
401 1277 511 1338 λοιποῦ
528 1267 746 1357 χριστωνιίμυυ
767 1278 864 1353 λαοῦ,
890 1279 955 1338 τῶν
971 1274 1028 1356 μίν
1050 1270 1131 1362 λόγῳ
1150 1280 1213 1340 τῶν

67 1375 286 1464 antenotata
308 1370 494 1457 βλιφιίντων
519 1374 597 1460 πρὸς
621 1374 658 1446 τὸ
679 1370 881 1460 σεμνότερον,
909 1373 951 1452 ὥς
966 1379 1105 1476 καταιγίς
1120 1375 1213 1462 ἀγρία

106 1475 224 1562 ἀθρόον
239 1480 461 1544 ἔπιισπισοῧσο
476 1475 495 1562 ἡ
510 1477 588 1544 καθ’
603 1474 795 1564 ἡμῶνῧβρις
808 1477 887 1564 πρὸς
899 1479 939 1544 τὰ
953 1475 1089 1566 πρότερα
1103 1478 1208 1565 ἵστρε-
1225 1500 1249 1554 1)

108 1606 171 1668 φιν.
222 1578 242 1663 ἦ
269 1583 303 1647 δὲ
326 1579 417 1666 ὕβρις
437 1583 488 1646 καί
509 1580 546 1648 τὸ
570 1581 668 1665 αὐτῆς
686 1581 824 1667 λυπηρὸν
841 1582 877 1648 τὸ
893 1581 936 1665 μὴ
953 1582 1033 1650 κατὰ
1050 1588 1108 1667 τῆς
1122 1580 1211 1667 ἡμῶν

106 1680 290 1768 ὖπολήψιως
304 1679 401 1768 μόνον
425 1687 478 1750 καί
493 1685 527 1750 τὸ
542 1687 652 1762 λίθους
667 1692 819 1771 κρατῆσαι
833 1692 940 1768 βαλεῖν
962 1683 1045 1769 ἡμᾶς
1066 1688 1118 1752 καί
1132 1686 1211 1752 ἀνα-

106 1789 272 1870 tenattem
281 1835 291 1867 ,
322 1791 372 1854 καί
386 1785 446 1854 ὅσα
460 1794 639 1874 σωματικῆς
652 1787 772 1874 ὕβρεως
787 1790 934 1868 ἐπειπεῖν,
962 1787 1036 1854 ἀλλ’
1054 1789 1138 1870 οίμοι
1159 1791 1210 1856 καί
1284 1785 1285 1788 “

72 1889 176 1958 15κατ’
194 1891 294 1956 αὐτοῦ
308 1887 585 1973 teneraetenerae.
639 1892 687 1956 διὸ
702 1893 754 1956 καί
769 1894 866 1976 φημί,
895 1891 920 1958 εί
940 1887 1069 1958 σύνοιδα
1086 1893 1211 1981 ἐμαυτῷ

107 1995 231 2085 πορνιίρι
252 1992 273 2077 ἢ
297 1994 418 2085 μοιχείην
440 1993 460 2077 ἢ
481 1993 687 2084 ἀρρενομανίρι
714 1991 879 2060 ἑαλωκέναι
886 2043 896 2074 ,
932 1997 982 2058 καί
1003 1997 1029 2060 εί
1053 1993 1213 2080 ἐφρόνησα

106 2091 229 2163 ualuere
254 2095 273 2179 ἢ
298 2103 405 2183 φρονῶ
429 2096 449 2180 ἢ
475 2094 623 2184 φρονήσω
645 2093 807 2182 ἀλλότριον
822 2093 969 2181 φρόνημα
984 2103 1040 2180 τῆς
1054 2099 1214 2180 ἐκκλησίας

108 2203 247 2286 Χριστοῦ
262 2206 319 2266 τοῦ
333 2206 412 2266 &aori
425 2227 506 2284 μου,
525 2195 673 2282 ἆνιίθιμιί
685 2227 739 2283 μοι
755 2198 818 2266 ἀπὸ
833 2204 994 2284 Χριστοῦ,
1022 2202 1073 2265 καί
1087 2197 1106 2283 ἦ
1120 2201 1206 2286 μερίς
1225 2219 1250 2272 Ε

108 2329 165 2383 μου
182 2303 242 2370 οὖν
256 2310 301 2394 τῷ
317 2300 455 2392 προδότῃ
469 2305 519 2370 καί
533 2313 598 2380 τοῖς
618 2303 673 2372 τὸν
695 2298 800 2390 atala
821 2329 883 2386 μου
907 2297 1135 2390 οτοσροίσοσιν.
1187 2305 1214 2369 εἰ

170 2503 198 2558 6.
218 2495 324 2572 οὕτως]
344 2497 460 2566 airus?

109 2673 201 2728 ordiaia
217 2673 417 2730 aeclesiasticam
434 2673 613 2728 auctoritatem
630 2671 663 2726 ad
680 2672 862 2744 aequalitatem
879 2676 971 2728 aaltem
987 2671 1141 2736 conditionis
1156 2690 1213 2726 cum

108 2743 209 2812 politica
225 2749 299 2796 tanto
315 2743 430 2796 inferiori
447 2743 582 2813 adspirare
599 2744 739 2813 patiuntur.
757 2745 826 2796 uude
845 2753 931 2797 antem
948 2743 1000 2796 iata
1017 2743 1092 2796 nebia
1109 2743 1213 2796 accide-
1247 2805 1250 2811 Ι
1364 2757 1367 2769 ·’

108 2817 177 2877 ruat,
195 2812 310 2880 ἰραοῐοιο
326 2813 412 2864 multia
430 2821 483 2864 est:
502 2818 531 2865 at
546 2829 594 2864 uon
612 2813 670 2864 (leo.
705 2829 762 2864 uam
779 2815 824 2881 qui
842 2829 920 2866 auaua
937 2819 978 2864 eat
994 2811 1044 2864 deo
1062 2812 1150 2864 dicere
1168 2829 1214 2865 ee-

108 2879 144 2934 lua
160 2882 251 2934 domna
268 2887 328 2935 tuae
346 2881 456 2934 eomedit
476 2898 529 2945 me,
553 2882 620 2934 idem
638 2887 666 2934 et
683 2882 731 2934 hoa
748 2883 895 2946 subiunxit,
919 2887 946 2934 et
963 2881 1102 2950 opprobria
1118 2897 1214 2950 expro-

108 2951 233 3004 brantium
258 2951 306 3004 tibi
334 2951 482 3004 oeciderunt
505 2967 583 3020 anper
610 2968 658 3007 ma.
692 2969 740 3002 nee
758 2953 823 3004 euim
841 2957 985 3004 nostrorum
1002 2949 1054 3002 iata
1071 2957 1132 3002 aaut
1148 2950 1214 3002 deli-

109 3027 203 3072 ttorum
221 3020 286 3073 ultio
304 3037 336 3073 ae
352 3021 446 3084 multu;
462 3037 513 3089 quo
529 3022 629 3072 nomine
645 3019 694 3074 deo
711 3020 810 3087 gratiae
826 3019 964 3072 rodduaua.
999 3018 1045 3078 aad
1061 3026 1089 3072 et
1105 3020 1169 3072 haee
1185 3020 1213 3072 iu

109 3105 150 3140 σοι
166 3089 265 3142 intorte
281 3089 358 3142 ictum
377 3091 429 3142 tela
443 3107 493 3141 non
511 3091 660 3159 perierunt,
685 3092 751 3140 adeo
768 3099 798 3142 ut
814 3089 913 3142 iuiuriia
930 3089 991 3142 lieet
1007 3088 1085 3142 tantia
1103 3087 1214 3158 appetiti

109 3159 197 3211 nnllam
215 3163 301 3210 umen
318 3158 436 3211 iniuriam
453 3159 593 3228 patiamur,
615 3157 735 3228 quoniam
754 3159 796 3227 qui
814 3176 843 3212 aa
859 3158 915 3227 ipae
932 3174 982 3212 uon
998 3157 1116 3220 laeserit,
1138 3174 1213 3210 nemo

108 3229 173 3294 potia
190 3235 231 3280 eat
247 3227 359 3280 laedere.
395 3245 483 3280 varum
499 3227 609 3282 eeclesia
625 3233 653 3280 et
671 3229 849 3282 auaitumeliam
864 3228 963 3296 patitur
980 3232 1007 3278 et
1024 3226 1213 3279 detrimentum.

108 3297 232 3364 quoduam
251 3314 313 3350 vero
330 3297 528 3350 detrimentum?
563 3296 680 3362 nimirum
697 3315 712 3350 a
729 3297 860 3350 monachia
877 3306 905 3349 et
920 3295 1071 3350 mouialibua
1096 3302 1214 3349 caetero-

107 3381 156 3486 ηοο
173 3366 324 3419 Christiano
340 3367 436 3436 populo
454 3367 613 3435 cumplures,
638 3367 731 3435 purtim
748 3365 868 3434 persuasi
883 3366 1027 3420 rationibus
1045 3370 1072 3417 at
1089 3364 1214 3417 electione

123 3435 177 3488 eeu
190 3433 306 3505 propria,
323 3437 419 3504 purtim
435 3442 534 3488 terrore
550 3435 640 3488 addito
656 3434 783 3503 minisque
800 3452 948 3504 poenarum,
965 3435 991 3488 vi
1008 3433 1132 3502 compulsi
1149 3450 1216 3502 qua-

107 3501 172 3569 dam,
190 3521 250 3556 aeae
265 3505 293 3557 iu
311 3504 401 3558 melina
419 3511 600 3558 converterant
615 3504 858 3573 sanctimoniamque
875 3513 1053 3574 respexerant,
1071 3519 1136 3572 quoa
1146 3503 1217 3556 velut

107 3575 182 3625 turbo
199 3576 272 3627 larua
289 3589 321 3626 aa
337 3573 452 3643 procella
467 3574 493 3626 in
513 3582 689 3632 tranaveraum
706 3574 763 3626 ὀλιο
779 3573 916 3641 ingruant,
933 3575 997 3626 haee
1014 3573 1041 3626 iu
1060 3590 1105 3624 uos
1124 3579 1217 3624 contu-

108 3642 183 3695 nelia
206 3643 241 3696 da
264 3659 340 3695 ποι-ιο
365 3642 458 3696 deiecit
480 3649 508 3696 et
534 3659 623 3696 τουτον
644 3643 742 3695 avertit
757 3645 784 3694 iu
802 3643 898 3712 priora.
933 3645 990 3695 eiua
1014 3658 1093 3712 porro
1109 3640 1217 3694 iniuriae

108 3710 251 3780 pernicies,
278 3712 346 3764 unda
369 3712 442 3766 nobie
464 3711 566 3767 delendi
583 3728 662 3768 aauaa
680 3719 737 3775 eat,
760 3729 810 3766 non
827 3711 855 3764 iu
876 3713 960 3766 lamae
977 3717 1004 3764 et
1021 3708 1217 3764 existimationis

107 3787 212 3834 nutraa
228 3781 331 3835 iaetruu
348 3781 478 3847 consutio,
503 3799 554 3838 uon
570 3782 596 3834 in
614 3779 767 3834 contumelia
784 3787 838 3834 tarn
855 3780 964 3836 licenter
981 3779 1165 3848 gramadum,
1188 3781 1218 3830 ut

108 3855 136 3902 at
151 3849 250 3919 lapidea
274 3867 339 3918 quoa
356 3851 382 3904 in
400 3867 447 3903 noa
462 3852 579 3904 iacerent
595 3851 704 3904 tulerint
720 3856 749 3904 et
766 3851 1041 3904 anathematizaverint
1062 3855 1218 3915 caeteraque

107 3919 324 3972 aoeuuaulaveriut
348 3937 444 3988 genera
467 3923 554 3975 omnia
577 3921 733 3974 aeuaibilinm
758 3921 983 3972 contumeliaruma
1014 3917 1060 3971 aad
1085 3918 1135 3968 heu
1159 3913 1218 3966 mal

108 3989 184 4056 (uam
201 3989 251 4042 luno
269 4006 314 4041 eor
331 3990 467 4056 vulnerat)
493 3991 520 4044 iu
544 3989 676 4058 reliquata
694 4007 775 4058 apruna
791 3989 909 4042 damnum
925 3987 1059 4040 mammam
1076 3988 1219 4052 tempeataa

108 4057 159 4110 iata
179 4058 344 4112 redundavit
379 4075 460 4129 quara
478 4060 535 4112 aio:
560 4060 583 4111 ai
601 4059 661 4114 mili
678 4075 732 4112 aum
750 4059 868 4112 οοιιοοίοι
886 4053 1064 4112 fornicationia
1081 4061 1128 4108 aut
1144 4051 1219 4133 adul-

109 4127 166 4179 terii
189 4135 236 4180 ant
259 4129 375 4182 melariae
399 4128 427 4182 iu
450 4146 533 4183 marea
550 4128 680 4192 libidinis,
703 4130 726 4182 ai
745 4129 813 4182 aenei
831 4144 948 4196 umquam
965 4131 1011 4180 aut
1028 4123 1112 4176 sentio
1129 4129 1176 4176 aut
1192 4137 1219 4172 au

108 4203 242 4264 portarum
264 4197 373 4251 anutium
395 4199 506 4252 alienum
531 4198 664 4268 quidpiam
688 4215 704 4252 a
725 4213 802 4252 aenan
827 4195 954 4250 eoeleaiae
971 4191 1070 4246 curisti
1093 4191 1136 4245 dei
1158 4189 1218 4256 mei,

108 4267 245 4320 mathema
260 4267 324 4322 milui
345 4268 382 4322 ait
400 4283 417 4322 a
434 4269 539 4322 curtalo
558 4273 585 4321 et
602 4284 662 4338 paro
679 4284 736 4324 mea
754 4285 809 4322 eum
827 4267 958 4336 proditura
976 4281 1007 4318 ac
1024 4260 1217 4316 emeifixorinu·
