2774 4784
211 279 287 356 764
507 281 741 354 OBSffliVAT.
767 283 1003 351 PAGHYMER.

211 465 361 508 coronans
375 447 583 524 imperatorem
599 449 777 522 sineterra,
799 448 957 507 commorit
972 447 1023 505 illi
1036 445 1120 526 rpem
1137 444 1320 507 θοιιιιαιιιι-

210 534 351 614 nopoleos
367 529 616 609 recuperandoe‚-
629 553 663 590 ea
684 535 749 590 iure
768 531 852 610 quod
869 533 984 592 scilieet
1003 532 1136 592 ιναΙιιιιι
1159 553 1184 590 a
1204 552 1319 611 sponso

209 629 294 698 nepte
308 617 383 694 (imo
397 611 471 694 fitis)
485 615 651 679 Boldrar'ns'.
682 616 756 694 quid
767 616 817 676 hie
830 617 947 678 dieamr
961 621 1131 696 imperator
1140 620 1209 676 sim
1223 628 1313 690 urta,

209 703 279 764 vide
300 703 482 783 explicatum
496 703 532 760 in
550 701 698 762 Glossario
715 702 809 762 verbo
831 701 910 782 τέρα.
959 709 1064 764 verum
1093 702 1171 762 haee
1195 711 1312 776 cuncta,

207 799 245 848 nt
257 789 331 862 dixi,
353 787 503 868 pertinent
515 785 554 846 ad
567 796 683 866 tempus
696 788 830 868 superins
842 807 915 865 paee
928 789 1036 862 Sicula,
1057 789 1144 849 ιιιιιιι
1158 789 1312 846 mersione

208 875 351 954 hogerius
364 873 531 948 catalanos,
553 872 605 950 qni
623 873 654 930 in
668 873 767 932 Sicilia
783 873 996 947 militaverant,
1017 873 1139 934 volante
1154 893 1210 932 soa
1226 893 1312 933 cansa

208 959 360 1019 Friderieo
381 959 414 1017 in
428 959 581 1017 Orientem
601 957 735 1018 abduxit.
778 958 895 1035 dequo
916 958 1080 1018 andiendus
1101 959 1241 1018 Faaellus
1259 959 1311 1023 ιθ

206 1035 364 1124 (ιιιῬοιι
381 1065 411 1122 p.
422 1045 502 1108 477:
523 1063 617 1122 porro
634 1043 749 1102 'Sicilia
771 1053 818 1102 tot
835 1044 983 1104 bellorum
1001 1044 1136 1104 motrbue
1159 1043 1261 1103 libero
1279 1046 1312 1102 irs

208 1131 343 1190 militum
367 1129 582 1200 Cotelonorum
600 1127 849 1208 Aragooeneium
877 1140 904 1187 et
923 1130 1094 1189 Siculorum
1125 1133 1262 1208 raps'raos
1285 1141 1312 1187 rt

209 1213 458 1295 depraedationes
475 1211 594 1272 insidis.
637 1233 712 1294 quoa
730 1213 922 1288 Riderioua,
944 1226 980 1273 αι
1000 1215 1138 1273 imolam
1156 1235 1311 1295 expurgo«-

208 1312 262 1377 ret,
284 1312 391 1360 oontro
419 1299 553 1376 Tomoe,
585 1303 641 1378 qui
663 1299 957 1379 Constantinopolim
980 1300 1188 1378 infestabant,
1219 1303 1310 1358 ousi-

208 1387 303 1446 ls'oree
319 1387 415 1444 misit.

293 1469 398 1551 plot
416 1488 448 1532 r.
462 1471 513 1533 23
555 1466 647 1542 Quod
665 1467 724 1526 hoo
738 1468 823 1528 laerle
835 1477 1004 1548 praesentes
1018 1467 1204 1528 crediderint
1219 1477 1250 1526 et
1264 1467 1311 1528 bi-

210 1556 338 1617 storious
354 1555 395 1613 ιιι
409 1572 471 1614 esse
487 1569 522 1612 re
535 1571 606 1612 vera
619 1551 806 1638 iudicaverit,
827 1574 889 1613 non
904 1553 1046 1614 continno
1059 1573 1124 1614 rem
1141 1554 1313 1614 evidentem

210 1651 242 1702 et
255 1639 480 1700 indubitabilem
494 1639 602 1716 opinor
614 1627 722 1697 reddet
735 1639 816 1719 apud
827 1637 928 1698 indicii
944 1639 1098 1699 severioris
1111 1639 1207 1704 runs.
1243 1658 1313 1699 mn·

209 1736 259 1786 tus
275 1727 325 1786 ille
336 1745 371 1783 ιι
383 1723 541 1784 surdusex
555 1731 658 1798 utero,
679 1723 755 1783 miro
774 1724 911 1803 prodigio
930 1727 1051 1802 repente
1072 1723 1200 1782 audieus
1223 1724 1313 1783 etlo-

211 1823 319 1890 quens,
337 1810 413 1888 quid
428 1808 548 1868 tandem
562 1766 743 1869 affiruiavit'l
754 1827 869 1910 ‘nempe
885 1809 918 1868 id
934 1809 1030 1868 solnm
1044 1809 1128 1886 quod
1146 1809 1247 1910 paulo
1260 1827 1312 1868 su-

209 1897 310 1978 perius
329 1896 460 1996 positum
477 1904 534 1968 est,
556 1911 587 1952 se
606 1893 715 1952 vidisse
727 1896 829 1955 virum
843 1897 1048 1973 imperatoriis
1067 1905 1219 1952 ornatum
1232 1897 1312 1953 ιὶιιιι-

207 1981 339 2063 grribua,
361 1984 416 2061 qui
433 2001 495 2038 eree
514 1937 650 2037 diebos
636 1999 740 2058 aprum
761 1980 846 2038 urbis
865 1980 928 2038 eibi
945 1978 1076 2038 tuendae
1093 1979 1205 2038 euram
1225 2001 1313 2039 maes·

209 2089 294 2128 mere.
335 2065 539 2126 nominavitna
553 2061 784 2124 hunoloannbm
796 2065 972 2124 Batataami
994 2064 1138 2126 autvisae
1155 2066 1247 2124 sibi
1238 2085 1313 2124 rma-

208 2155 285 2232 ginis
301 2152 381 2211 illius
396 2153 522 2210 formam
540 2149 596 2208 sibi
616 2159 803 2247 conspectam
819 2151 944 2208 asseruit
962 2151 1052 2209 inisse
1067 2147 1220 2210 similem?
1238 2150 1315 2210 nihil

207 2237 334 2298 borum:
355 2257 425 2296 nam
437 2234 631 2313 Pachymeres
644 2234 752 2312 siquid
766 2235 827 2294 tale
840 2235 978 2310 dixisset,
998 2256 1061 2296 uon
1070 2243 1197 2294 taceret.
1241 2237 1315 2295 iun-

209 2323 347 2382 damento
362 2322 452 2400 igitur
470 2329 552 2379 earet
570 2319 677 2382 idoneo
693 2319 766 2380 haee
780 2339 856 2399 quae
875 2319 1053 2400 exprimitur
1063 2319 1123 2380 hoo
1140 2320 1211 2380 loeo
1217 2365 1227 2396 ‚
1248 2331 1313 2382 tum

207 2409 336 2467 istorum
346 2406 509 2484 Magnesiae
522 2406 780 2483 praesidiariorum
792 2405 1049 2485 tumPaehymsris
1063 2405 1199 2485 opinatio
1212 2407 1312 2485 ipaiua

207 2512 278 2550 nam
292 2493 388 2550 lorma
401 2491 459 2550 ιιιι
470 2491 632 2569 insignibus
644 2490 841 2568 imperatoriis
854 2493 951 2550 ornati
963 2492 1014 2569 qui
1025 2491 1117 2569 magis
1129 2491 1240 2552 loanni
1254 2493 1313 2552 Bs-

207 2585 306 2636 tataae
327 2576 471 2635 convenit
485 2593 574 2652 quam
589 2573 748 2634 Theodoro
763 2576 825 2634 eius
839 2577 900 2634 lilio
917 2577 1089 2655 imperatori
1106 2576 1221 2635 ibidem
1236 2597 1313 2655 qno-

208 2681 266 2739 que
286 2660 449 2740 Magnesiae
465 2660 597 2739 sepulto,
618 2669 686 2734 aut,
707 2659 731 2718 si
751 2660 1094 2739 constantinopolitanos
1114 2661 1313 2760 imperatores

207 2746 347 2806 laudatae
361 2746 519 2805 memoriae
537 2753 568 2803 et
581 2746 612 2804 in
626 2704 686 2804 fidi
704 2743 874 2806 orthodoxa
891 2767 963 2804 ac
943 2745 1088 2806 aetholiea
1101 2748 1312 2808 communione

206 2833 395 2892 indubitatae
426 2830 608 2890 constantiae
636 2832 819 2908 quaerimus,
852 2851 942 2910 qnam
971 2827 1168 2891 Constantino
1192 2843 1309 2912 magno,

208 2936 298 2994 quam
312 2917 461 2976 Marciano
480 2915 580 2976 aliisve
597 2917 678 2994 paris
695 2917 818 2976 meriti?
840 2935 909 2976 nam
928 2918 1068 2976 loannem
1078 2916 1237 2976 Batataam
1259 2917 1311 2976 etri

207 3003 318 3062 multae
330 3004 458 3063 virtutes
471 3002 731 3076 commendabant,
752 3011 853 3060 tamen
870 3011 989 3080 praeter
1002 3020 1193 3062 communem
1207 3002 1311 3062 Graaoi

207 3086 374 3146 schismatis
387 3096 417 3146 et
435 3087 512 3146 eirea
525 3090 554 3147 S.
568 3088 695 3166 Spiritus
710 3106 749 3144 ex
759 3086 821 3144 filio
837 3088 1052 3166 prooeseionem
1066 3085 1212 3147 haeretici
1226 3107 1311 3148 erro-

208 3171 251 3231 ris
269 3170 429 3246 invidiam,
450 3172 542 3230 libido
564 3173 653 3230 etiam
674 3172 707 3230 in
727 3181 825 3230 aetate
845 3173 928 3231 senili
950 3173 1094 3252 probrosa
1112 3171 1311 3234 deformabat.

208 3257 280 3316 vide
290 3275 437 3316 summum
451 3257 560 3334 alioqui
574 3258 637 3316 eius
648 3257 858 3316 admiratorem
874 3257 1074 3336 Amopolitam
1086 3254 1232 3317 historiae
1243 3275 1312 3318 auae

208 3361 239 3400 ιι.
255 3341 297 3407 52
310 3363 341 3422 Ρ.
353 3343 394 3406 56
408 3342 454 3401 ed.
466 3343 546 3420 hag„
567 3343 619 3402 ubi
629 3355 697 3401 eum
709 3343 847 3402 infamem
860 3342 1009 3402 amoribus
1022 3363 1091 3401 cum
1102 3343 1232 3402 aliarum
1246 3353 1311 3404 tarn

205 3426 386 3488 Maroeeinae
405 3427 558 3488 cuiusdam
580 3428 768 3507 pedissequae
781 3430 883 3487 Aurae
899 3428 1075 3488 Alemannae
1086 3430 1242 3506 Augustae
1265 3447 1311 3486 se-

206 3513 322 3572 cundae
342 3513 421 3572 illius
445 3513 576 3590 coniugis
591 3514 710 3572 latetur.
753 3523 867 3590 quanto
883 3513 1068 3574 verisimilius
1089 3515 1172 3573 credi
1193 3516 1311 3593 potuis-

144 3637 148 3646 »
205 3607 267 3672 set,
289 3599 339 3657 isti
358 3607 440 3658 muto
455 3607 486 3657 et
501 3597 594 3657 surdo
607 3599 734 3657 sormam
748 3599 806 3658 viri
820 3600 1017 3677 imperatoriis
1031 3599 1131 3658 ornati
1145 3600 1312 3678 insignibus

205 3683 337 3742 oblatam
360 3692 594 3763 repraesentasse
622 3683 883 3762 &archangelum
904 3684 1076 3743 Michaelem
1106 3694 1313 3787 protectorem

204 3767 444 3828 Chriatianorum
459 3777 564 3828 eontra
585 3768 749 3828 barbaros?
773 3768 971 3828 hunoGraeci
989 3769 1096 3849 passim
1119 3763 1313 3852 ἅρχισιιραιη.
1380 3821 1381 3824 ,

202 3849 258 3934 γόι
277 3855 442 3934 appellant,
463 3853 516 3931 qui
537 3853 654 3913 titulus
664 3855 873 3934 imperatorem
896 3874 1004 3914 sonans
1025 3855 1230 3933 imperialibus
1251 3875 1312 3914 nou

203 3938 391 3999 diaoonvenit
405 3937 575 4019 insignibus.
709 3993 714 4006 ‚
778 3971 779 3982 ι

97 4029 186 4086 Ρ550
285 4045 316 4105 Ρ
329 4025 391 4090 406
408 4045 437 4085 ι.
453 4031 481 4088 1.
522 4023 905 4104 adfinemhniuscapitis,
926 4023 1102 4084 ubidicitur
1116 4023 1313 4084 debliohae'le

201 4107 363 4188 duguato'
355 4109 471 4169 iuniore
486 4104 586 4189 ωσπερ
602 4133 646 4182 τις
660 4114 860 4209 τροιιαιιῦχις
873 4107 931 4189 τὴν
944 4103 1035 4171 πόλιν
1050 4105 1231 4188 ιισιιχιιιι,
1251 4129 1312 4168 non

201 4196 302 4253 tenuit
318 4213 349 4252 se
360 4195 453 4255 libera
469 4195 635 4272 indignatio
650 4194 771 4254 lectoria
786 4196 950 4276 cuiuspiam
964 4193 1037 4270 quin
1053 4192 1127 4250 haec
1142 4214 1215 4254 orae
1231 4215 1312 4254 mar·

203 4277 292 4356 ginali
306 4279 395 4347 Berb.
410 4281 520 4340 codicis
532 4281 682 4341 ellineretr
703 4286 902 4362 ιριιιιιιῦχος
917 4278 935 4345 o‘
949 4275 1056 4361 ovrrlv
1074 4273 1149 4352 wilc
1166 4273 1313 4362 ἐχθρούς

87 4603 261 4770 ὦ
371 4697 372 4702 ι
