<?xml version="1.0" encoding="UTF-8"?>
<!DOCTYPE html PUBLIC "-//W3C//DTD XHTML 1.0 Transitional//EN"
    "http://www.w3.org/TR/xhtml1/DTD/xhtml1-transitional.dtd">
<html xmlns="http://www.w3.org/1999/xhtml" xml:lang="en" lang="en">
 <head>
  <title>
</title>
<meta http-equiv="Content-Type" content="text/html;charset=utf-8" />
  <meta name='ocr-system' content='tesseract 3.04.00' />
  <meta name='ocr-capabilities' content='ocr_page ocr_carea ocr_par ocr_line ocrx_word'/>
</head>
<body>
  <div class='ocr_page' id='page_1' title='image "./georgiipachymer00pousgoog_0013.png"; bbox 0 0 2768 4786; ppageno 0'>
   <div class='ocr_carea' id='block_1_1' title="bbox 146 265 818 364">
    <p class='ocr_par' dir='ltr' id='par_1_1' title="bbox 146 265 818 364">
     <span class='ocr_line' id='line_1_1' title="bbox 146 265 818 364; baseline 0.007 -32"><span class='ocrx_word' id='word_1_1' title='bbox 146 288 207 346; x_wconf 71' lang='lat' dir='ltr'><strong>vau</strong></span> <span class='ocrx_word' id='word_1_2' title='bbox 419 359 422 364; x_wconf 28' lang='grc' dir='ltr'>Ι</span> <span class='ocrx_word' id='word_1_3' title='bbox 580 267 625 338; x_wconf 82' lang='grc' dir='ltr'><strong>Ρ.</strong></span> <span class='ocrx_word' id='word_1_4' title='bbox 649 265 818 336; x_wconf 70' lang='grc' dir='ltr'>ΡΟὸὃΙΝΙ</span> 
     </span>
    </p>
   </div>
   <div class='ocr_carea' id='block_1_2' title="bbox 78 411 1330 4146">
    <p class='ocr_par' dir='ltr' id='par_1_2' title="bbox 70 411 1330 4146">
     <span class='ocr_line' id='line_1_2' title="bbox 147 411 1330 534; baseline -0.001 -31"><span class='ocrx_word' id='word_1_5' title='bbox 147 438 422 524; x_wconf 64' lang='lat' dir='ltr'><strong>nynnamanm,</strong></span> <span class='ocrx_word' id='word_1_6' title='bbox 445 439 541 512; x_wconf 75' lang='lat' dir='ltr'><strong>mou</strong></span> <span class='ocrx_word' id='word_1_7' title='bbox 562 438 728 528; x_wconf 68' lang='lat' dir='ltr'><strong>ruorepu</strong></span> <span class='ocrx_word' id='word_1_8' title='bbox 747 439 1026 530; x_wconf 67' lang='lat' dir='ltr'><strong>rnuurpnenu</strong></span> <span class='ocrx_word' id='word_1_9' title='bbox 1044 455 1146 534; x_wconf 53' lang='lat' dir='ltr'><strong>pern</strong></span> <span class='ocrx_word' id='word_1_10' title='bbox 1159 411 1255 514; x_wconf 59' lang='lat' dir='ltr'><strong>uani</strong></span> <span class='ocrx_word' id='word_1_11' title='bbox 1329 425 1330 430; x_wconf 67' lang='lat'>‘</span> 
     </span>
     <span class='ocr_line' id='line_1_3' title="bbox 146 543 1250 634; baseline 0.008 -27"><span class='ocrx_word' id='word_1_12' title='bbox 146 543 251 616; x_wconf 81' lang='lat' dir='ltr'><strong>uum?</strong></span> <span class='ocrx_word' id='word_1_13' title='bbox 293 543 362 630; x_wconf 81' lang='lat' dir='ltr'><strong>quie</strong></span> <span class='ocrx_word' id='word_1_14' title='bbox 380 544 745 631; x_wconf 64' lang='lat' dir='ltr'><strong>&#39;aestusimplacahiliter</strong></span> <span class='ocrx_word' id='word_1_15' title='bbox 765 545 955 612; x_wconf 80' lang='lat' dir='ltr'><strong>rixantium?</strong></span> <span class='ocrx_word' id='word_1_16' title='bbox 991 569 1084 634; x_wconf 89' lang='lat' dir='ltr'><strong>quam</strong></span> <span class='ocrx_word' id='word_1_17' title='bbox 1103 550 1250 616; x_wconf 89' lang='lat' dir='ltr'><strong>immedi-</strong></span> 
     </span>
     <span class='ocr_line' id='line_1_4' title="bbox 149 646 1251 726; baseline 0.006 -14"><span class='ocrx_word' id='word_1_18' title='bbox 149 648 253 722; x_wconf 79' lang='lat' dir='ltr'><strong>rabitis</strong></span> <span class='ocrx_word' id='word_1_19' title='bbox 281 651 366 714; x_wconf 81' lang='lat' dir='ltr'><strong>iuror</strong></span> <span class='ocrx_word' id='word_1_20' title='bbox 398 646 524 712; x_wconf 77' lang='lat' dir='ltr'>obnixis</span> <span class='ocrx_word' id='word_1_21' title='bbox 550 648 786 718; x_wconf 69' lang='lat' dir='ltr'><strong>irrevocabiliter</strong></span> <span class='ocrx_word' id='word_1_22' title='bbox 819 647 927 714; x_wconf 64' lang='lat' dir='ltr'><strong>madiis</strong></span> <span class='ocrx_word' id='word_1_23' title='bbox 950 671 1020 715; x_wconf 89' lang='lat' dir='ltr'><strong>eese</strong></span> <span class='ocrx_word' id='word_1_24' title='bbox 1040 665 1148 716; x_wconf 91' lang='lat' dir='ltr'><strong>mutuo</strong></span> <span class='ocrx_word' id='word_1_25' title='bbox 1168 655 1251 726; x_wconf 59' lang='lat' dir='ltr'><strong>infe-</strong></span> 
     </span>
     <span class='ocr_line' id='line_1_5' title="bbox 148 745 1250 838; baseline 0.002 -19"><span class='ocrx_word' id='word_1_26' title='bbox 148 750 320 819; x_wconf 80' lang='lat' dir='ltr'><strong>stantium?</strong></span> <span class='ocrx_word' id='word_1_27' title='bbox 372 752 468 816; x_wconf 88' lang='lat' dir='ltr'><strong>coelo</strong></span> <span class='ocrx_word' id='word_1_28' title='bbox 487 752 578 838; x_wconf 83' lang='lat' dir='ltr'><strong>ipso,</strong></span> <span class='ocrx_word' id='word_1_29' title='bbox 609 751 704 820; x_wconf 75' lang='lat' dir='ltr'><strong>cuiue</strong></span> <span class='ocrx_word' id='word_1_30' title='bbox 724 745 763 818; x_wconf 90' lang='lat' dir='ltr'><strong>de</strong></span> <span class='ocrx_word' id='word_1_31' title='bbox 791 753 903 818; x_wconf 83' lang='lat' dir='ltr'><strong>vestris</strong></span> <span class='ocrx_word' id='word_1_32' title='bbox 929 757 1144 821; x_wconf 80' lang='lat' dir='ltr'><strong>controversiis</strong></span> <span class='ocrx_word' id='word_1_33' title='bbox 1167 757 1250 821; x_wconf 89' lang='lat' dir='ltr'><strong>iudi-</strong></span> 
     </span>
     <span class='ocr_line' id='line_1_6' title="bbox 149 854 1252 948; baseline 0.006 -28"><span class='ocrx_word' id='word_1_34' title='bbox 149 859 230 922; x_wconf 90' lang='lat' dir='ltr'><strong>cium</strong></span> <span class='ocrx_word' id='word_1_35' title='bbox 261 856 317 920; x_wconf 89' lang='lat' dir='ltr'><strong>illo</strong></span> <span class='ocrx_word' id='word_1_36' title='bbox 349 854 578 936; x_wconf 80' lang='lat' dir='ltr'><strong>Atramyttienei</strong></span> <span class='ocrx_word' id='word_1_37' title='bbox 608 867 759 921; x_wconf 77' lang='lat' dir='ltr'><strong>conventu</strong></span> <span class='ocrx_word' id='word_1_38' title='bbox 785 877 843 942; x_wconf 89' lang='lat' dir='ltr'><strong>per</strong></span> <span class='ocrx_word' id='word_1_39' title='bbox 870 856 1023 942; x_wconf 90' lang='lat' dir='ltr'><strong>quandam</strong></span> <span class='ocrx_word' id='word_1_40' title='bbox 1041 862 1252 948; x_wconf 84' lang='lat' dir='ltr'><strong>superstitiose</strong></span> 
     </span>
     <span class='ocr_line' id='line_1_7' title="bbox 149 959 1251 1052; baseline 0.004 -28"><span class='ocrx_word' id='word_1_41' title='bbox 149 961 300 1043; x_wconf 83' lang='lat' dir='ltr'><strong>curiosam</strong></span> <span class='ocrx_word' id='word_1_42' title='bbox 320 959 546 1046; x_wconf 76' lang='lat' dir='ltr'><strong>pyromantiam</strong></span> <span class='ocrx_word' id='word_1_43' title='bbox 568 960 763 1044; x_wconf 86' lang='lat' dir='ltr'><strong>exploratum</strong></span> <span class='ocrx_word' id='word_1_44' title='bbox 793 960 936 1041; x_wconf 70' lang='lat' dir='ltr'><strong>tratetis,</strong></span> <span class='ocrx_word' id='word_1_45' title='bbox 971 962 1065 1049; x_wconf 89' lang='lat' dir='ltr'><strong>partis</strong></span> <span class='ocrx_word' id='word_1_46' title='bbox 1096 963 1251 1052; x_wconf 82' lang='lat' dir='ltr'><strong>utriusque</strong></span> 
     </span>
     <span class='ocr_line' id='line_1_8' title="bbox 149 1061 1251 1151; baseline 0.004 -23"><span class='ocrx_word' id='word_1_47' title='bbox 149 1063 269 1151; x_wconf 87' lang='lat' dir='ltr'><strong>scriptis</strong></span> <span class='ocrx_word' id='word_1_48' title='bbox 291 1083 375 1126; x_wconf 85' lang='lat' dir='ltr'><strong>sacra</strong></span> <span class='ocrx_word' id='word_1_49' title='bbox 394 1062 520 1130; x_wconf 81' lang='lat' dir='ltr'><strong>flamma</strong></span> <span class='ocrx_word' id='word_1_50' title='bbox 542 1061 788 1143; x_wconf 79' lang='lat' dir='ltr'><strong>concremandis,</strong></span> <span class='ocrx_word' id='word_1_51' title='bbox 815 1063 982 1132; x_wconf 80' lang='lat' dir='ltr'>luculenter</span> <span class='ocrx_word' id='word_1_52' title='bbox 1005 1063 1175 1146; x_wconf 75' lang='lat' dir='ltr'><strong>declarante</strong></span> <span class='ocrx_word' id='word_1_53' title='bbox 1197 1089 1251 1132; x_wconf 72' lang='lat' dir='ltr'><strong>ae-</strong></span> 
     </span>
     <span class='ocr_line' id='line_1_9' title="bbox 148 1165 1199 1260; baseline -0.003 -28"><span class='ocrx_word' id='word_1_54' title='bbox 148 1189 208 1255; x_wconf 86' lang='lat' dir='ltr'><strong>que</strong></span> <span class='ocrx_word' id='word_1_55' title='bbox 234 1165 337 1230; x_wconf 87' lang='lat' dir='ltr'><strong>omnia</strong></span> <span class='ocrx_word' id='word_1_56' title='bbox 357 1175 458 1231; x_wconf 83' lang='lat' dir='ltr'><strong>rostra</strong></span> <span class='ocrx_word' id='word_1_57' title='bbox 481 1166 690 1230; x_wconf 83' lang='lat' dir='ltr'><strong>conventicula</strong></span> <span class='ocrx_word' id='word_1_58' title='bbox 715 1165 775 1232; x_wconf 88' lang='lat' dir='ltr'><strong>deo</strong></span> <span class='ocrx_word' id='word_1_59' title='bbox 801 1187 872 1232; x_wconf 84' lang='lat' dir='ltr'><strong>esse</strong></span> <span class='ocrx_word' id='word_1_60' title='bbox 891 1188 927 1260; x_wconf 76' lang='lat' dir='ltr'><strong>ac</strong></span> <span class='ocrx_word' id='word_1_61' title='bbox 951 1169 1069 1256; x_wconf 80' lang='lat' dir='ltr'><strong>superis</strong></span> <span class='ocrx_word' id='word_1_62' title='bbox 1092 1191 1199 1237; x_wconf 73' lang='lat' dir='ltr'><strong>exosa.</strong></span> 
     </span>
     <span class='ocr_line' id='line_1_10' title="bbox 250 1265 1251 1358; baseline 0.003 -23"><span class='ocrx_word' id='word_1_63' title='bbox 250 1265 308 1335; x_wconf 89' lang='lat' dir='ltr'><strong>IV.</strong></span> <span class='ocrx_word' id='word_1_64' title='bbox 349 1265 412 1342; x_wconf 76' lang='lat' dir='ltr'><strong>‚Sed</strong></span> <span class='ocrx_word' id='word_1_65' title='bbox 432 1270 539 1332; x_wconf 79' lang='lat' dir='ltr'><strong>frustra</strong></span> <span class='ocrx_word' id='word_1_66' title='bbox 559 1268 732 1334; x_wconf 78' lang='lat' dir='ltr'><strong>laboramus</strong></span> <span class='ocrx_word' id='word_1_67' title='bbox 754 1265 957 1336; x_wconf 78' lang='lat' dir='ltr'><strong>admonendis</strong></span> <span class='ocrx_word' id='word_1_68' title='bbox 978 1271 1019 1336; x_wconf 89' lang='lat' dir='ltr'><strong>iis</strong></span> <span class='ocrx_word' id='word_1_69' title='bbox 1039 1294 1116 1358; x_wconf 90' lang='lat' dir='ltr'><strong>quos</strong></span> <span class='ocrx_word' id='word_1_70' title='bbox 1138 1276 1251 1341; x_wconf 79' lang='lat' dir='ltr'><strong>volun-</strong></span> 
     </span>
     <span class='ocr_line' id='line_1_11' title="bbox 149 1369 1251 1461; baseline 0.004 -25"><span class='ocrx_word' id='word_1_71' title='bbox 149 1371 223 1442; x_wconf 82' lang='lat' dir='ltr'><strong>taria</strong></span> <span class='ocrx_word' id='word_1_72' title='bbox 247 1371 375 1436; x_wconf 82' lang='lat' dir='ltr'><strong>caecitas</strong></span> <span class='ocrx_word' id='word_1_73' title='bbox 403 1391 422 1432; x_wconf 94' lang='lat' dir='ltr'><strong>a</strong></span> <span class='ocrx_word' id='word_1_74' title='bbox 451 1369 605 1452; x_wconf 79' lang='lat' dir='ltr'><strong>ridendo,</strong></span> <span class='ocrx_word' id='word_1_75' title='bbox 642 1371 726 1458; x_wconf 84' lang='lat' dir='ltr'><strong>quud</strong></span> <span class='ocrx_word' id='word_1_76' title='bbox 756 1375 862 1458; x_wconf 88' lang='lat' dir='ltr'><strong>palem</strong></span> <span class='ocrx_word' id='word_1_77' title='bbox 890 1384 954 1454; x_wconf 87' lang='lat' dir='ltr'><strong>est,</strong></span> <span class='ocrx_word' id='word_1_78' title='bbox 987 1375 1141 1461; x_wconf 86' lang='lat' dir='ltr'><strong>prohibat.</strong></span> <span class='ocrx_word' id='word_1_79' title='bbox 1191 1399 1251 1448; x_wconf 79' lang='lat' dir='ltr'><strong>nos</strong></span> 
     </span>
     <span class='ocr_line' id='line_1_12' title="bbox 147 1459 1252 1564; baseline 0.005 -26"><span class='ocrx_word' id='word_1_80' title='bbox 147 1477 252 1564; x_wconf 84' lang='lat' dir='ltr'><strong>potius</strong></span> <span class='ocrx_word' id='word_1_81' title='bbox 288 1477 369 1542; x_wconf 87' lang='lat' dir='ltr'><strong>hunc</strong></span> <span class='ocrx_word' id='word_1_82' title='bbox 396 1459 527 1544; x_wconf 75' lang='lat' dir='ltr'><strong>tinctum</strong></span> <span class='ocrx_word' id='word_1_83' title='bbox 558 1495 599 1540; x_wconf 84' lang='lat' dir='ltr'><strong>ex</strong></span> <span class='ocrx_word' id='word_1_84' title='bbox 629 1475 722 1541; x_wconf 85' lang='lat' dir='ltr'><strong>huius</strong></span> <span class='ocrx_word' id='word_1_85' title='bbox 749 1476 894 1542; x_wconf 81' lang='lat' dir='ltr'>historiae</span> <span class='ocrx_word' id='word_1_86' title='bbox 921 1477 1053 1544; x_wconf 88' lang='lat' dir='ltr'><strong>lectione</strong></span> <span class='ocrx_word' id='word_1_87' title='bbox 1075 1483 1252 1560; x_wconf 85' lang='lat' dir='ltr'><strong>reseramus,</strong></span> 
     </span>
     <span class='ocr_line' id='line_1_13' title="bbox 147 1575 1252 1670; baseline 0.004 -28"><span class='ocrx_word' id='word_1_88' title='bbox 147 1591 184 1642; x_wconf 90' lang='lat' dir='ltr'><strong>ut</strong></span> <span class='ocrx_word' id='word_1_89' title='bbox 217 1601 280 1648; x_wconf 83' lang='lat' dir='ltr'><strong>non</strong></span> <span class='ocrx_word' id='word_1_90' title='bbox 314 1575 513 1652; x_wconf 84' lang='lat' dir='ltr'><strong>dubitandum</strong></span> <span class='ocrx_word' id='word_1_91' title='bbox 535 1591 677 1665; x_wconf 86' lang='lat' dir='ltr'><strong>putemus</strong></span> <span class='ocrx_word' id='word_1_92' title='bbox 711 1580 844 1669; x_wconf 83' lang='lat' dir='ltr'><strong>amplius</strong></span> <span class='ocrx_word' id='word_1_93' title='bbox 876 1579 950 1666; x_wconf 92' lang='lat' dir='ltr'><strong>quin</strong></span> <span class='ocrx_word' id='word_1_94' title='bbox 985 1578 1026 1644; x_wconf 90' lang='lat' dir='ltr'><strong>ad</strong></span> <span class='ocrx_word' id='word_1_95' title='bbox 1062 1581 1252 1670; x_wconf 91' lang='lat' dir='ltr'><strong>puniendum</strong></span> 
     </span>
     <span class='ocr_line' id='line_1_14' title="bbox 151 1676 1252 1770; baseline 0 -22"><span class='ocrx_word' id='word_1_96' title='bbox 151 1681 337 1748; x_wconf 86' lang='lat' dir='ltr'><strong>Graecorum</strong></span> <span class='ocrx_word' id='word_1_97' title='bbox 358 1682 392 1746; x_wconf 88' lang='lat' dir='ltr'><strong>iu</strong></span> <span class='ocrx_word' id='word_1_98' title='bbox 407 1680 535 1746; x_wconf 80' lang='lat' dir='ltr'><strong>Oriente</strong></span> <span class='ocrx_word' id='word_1_99' title='bbox 555 1682 771 1770; x_wconf 76' lang='lat' dir='ltr'><strong>imperantium</strong></span> <span class='ocrx_word' id='word_1_100' title='bbox 789 1684 921 1748; x_wconf 84' lang='lat' dir='ltr'><strong>schisma</strong></span> <span class='ocrx_word' id='word_1_101' title='bbox 944 1694 1117 1765; x_wconf 79' lang='lat' dir='ltr'><strong>contumax,</strong></span> <span class='ocrx_word' id='word_1_102' title='bbox 1138 1676 1252 1766; x_wconf 80' lang='lat' dir='ltr'><strong>dogma</strong></span> 
     </span>
     <span class='ocr_line' id='line_1_15' title="bbox 148 1775 1251 1874; baseline 0 -24"><span class='ocrx_word' id='word_1_103' title='bbox 148 1775 330 1874; x_wconf 78' lang='lat' dir='ltr'><strong>¹reprobum,</strong></span> <span class='ocrx_word' id='word_1_104' title='bbox 356 1783 430 1849; x_wconf 89' lang='lat' dir='ltr'><strong>deus</strong></span> <span class='ocrx_word' id='word_1_105' title='bbox 453 1784 693 1850; x_wconf 87' lang='lat' dir='ltr'><strong>Ottomanorum</strong></span> <span class='ocrx_word' id='word_1_106' title='bbox 715 1787 886 1874; x_wconf 88' lang='lat' dir='ltr'><strong>potentiam</strong></span> <span class='ocrx_word' id='word_1_107' title='bbox 909 1786 1096 1854; x_wconf 84' lang='lat' dir='ltr'><strong>excitaverit.</strong></span> <span class='ocrx_word' id='word_1_108' title='bbox 1148 1788 1251 1851; x_wconf 88' lang='lat' dir='ltr'><strong>statim</strong></span> 
     </span>
     <span class='ocr_line' id='line_1_16' title="bbox 148 1886 1251 1977; baseline 0 -23"><span class='ocrx_word' id='word_1_109' title='bbox 148 1894 215 1954; x_wconf 85' lang='lat' dir='ltr'><strong>sere</strong></span> <span class='ocrx_word' id='word_1_110' title='bbox 240 1900 331 1976; x_wconf 85' lang='lat' dir='ltr'><strong>atque</strong></span> <span class='ocrx_word' id='word_1_111' title='bbox 357 1886 544 1958; x_wconf 75' lang='lat' dir='ltr'><strong>Andronicus</strong></span> <span class='ocrx_word' id='word_1_112' title='bbox 565 1888 764 1972; x_wconf 85' lang='lat' dir='ltr'><strong>Palaeologus</strong></span> <span class='ocrx_word' id='word_1_113' title='bbox 790 1890 894 1956; x_wconf 84' lang='lat' dir='ltr'><strong>senior</strong></span> <span class='ocrx_word' id='word_1_114' title='bbox 918 1911 1057 1977; x_wconf 82' lang='lat' dir='ltr'><strong>compos</strong></span> <span class='ocrx_word' id='word_1_115' title='bbox 1072 1893 1168 1970; x_wconf 73' lang='lat' dir='ltr'><strong>iactus</strong></span> <span class='ocrx_word' id='word_1_116' title='bbox 1189 1890 1251 1954; x_wconf 90' lang='lat' dir='ltr'><strong>im-</strong></span> 
     </span>
     <span class='ocr_line' id='line_1_17' title="bbox 148 1985 1253 2081; baseline -0.004 -23"><span class='ocrx_word' id='word_1_117' title='bbox 148 1992 227 2081; x_wconf 91' lang='lat' dir='ltr'><strong>perii</strong></span> <span class='ocrx_word' id='word_1_118' title='bbox 254 1993 336 2058; x_wconf 83' lang='lat' dir='ltr'><strong>vires</strong></span> <span class='ocrx_word' id='word_1_119' title='bbox 364 1985 431 2056; x_wconf 85' lang='lat' dir='ltr'><strong>eius</strong></span> <span class='ocrx_word' id='word_1_120' title='bbox 459 1993 606 2058; x_wconf 83' lang='lat' dir='ltr'><strong>convertit</strong></span> <span class='ocrx_word' id='word_1_121' title='bbox 629 1993 786 2060; x_wconf 81' lang='lat' dir='ltr'><strong>universas</strong></span> <span class='ocrx_word' id='word_1_122' title='bbox 822 1991 863 2056; x_wconf 88' lang='lat' dir='ltr'><strong>ad</strong></span> <span class='ocrx_word' id='word_1_123' title='bbox 884 1992 1129 2058; x_wconf 77' lang='lat' dir='ltr'><strong>labefactandam</strong></span> <span class='ocrx_word' id='word_1_124' title='bbox 1157 1994 1253 2057; x_wconf 69' lang='lat' dir='ltr'><strong>extir-</strong></span> 
     </span>
     <span class='ocr_line' id='line_1_18' title="bbox 148 2093 1253 2186; baseline -0.001 -26"><span class='ocrx_word' id='word_1_125' title='bbox 148 2095 341 2186; x_wconf 82' lang='lat' dir='ltr'><strong>pandamque</strong></span> <span class='ocrx_word' id='word_1_126' title='bbox 361 2098 400 2158; x_wconf 81' lang='lat' dir='ltr'><strong>ab</strong></span> <span class='ocrx_word' id='word_1_127' title='bbox 414 2095 481 2158; x_wconf 88' lang='lat' dir='ltr'><strong>eius</strong></span> <span class='ocrx_word' id='word_1_128' title='bbox 501 2107 586 2180; x_wconf 87' lang='lat' dir='ltr'><strong>patre</strong></span> <span class='ocrx_word' id='word_1_129' title='bbox 606 2093 758 2158; x_wconf 77' lang='lat' dir='ltr'><strong>Michab&#39;le</strong></span> <span class='ocrx_word' id='word_1_130' title='bbox 779 2095 889 2159; x_wconf 87' lang='lat' dir='ltr'><strong>initam</strong></span> <span class='ocrx_word' id='word_1_131' title='bbox 911 2117 981 2162; x_wconf 88' lang='lat' dir='ltr'><strong>cum</strong></span> <span class='ocrx_word' id='word_1_132' title='bbox 995 2097 1159 2184; x_wconf 88' lang='lat' dir='ltr'><strong>apostolica</strong></span> <span class='ocrx_word' id='word_1_133' title='bbox 1179 2095 1253 2160; x_wconf 87' lang='lat' dir='ltr'><strong>aede</strong></span> 
     </span>
     <span class='ocr_line' id='line_1_19' title="bbox 78 2197 1253 2288; baseline -0.002 -26.014"><span class='ocrx_word' id='word_1_134' title='bbox 78 2273 84 2288; x_wconf 36' lang='grc' dir='ltr'>Ι</span> <span class='ocrx_word' id='word_1_135' title='bbox 149 2199 360 2280; x_wconf 88' lang='lat' dir='ltr'><strong>concordiam,</strong></span> <span class='ocrx_word' id='word_1_136' title='bbox 385 2209 547 2286; x_wconf 84' lang='lat' dir='ltr'><strong>eruperunt</strong></span> <span class='ocrx_word' id='word_1_137' title='bbox 569 2218 587 2260; x_wconf 94' lang='lat' dir='ltr'><strong>e</strong></span> <span class='ocrx_word' id='word_1_138' title='bbox 606 2197 732 2262; x_wconf 84' lang='lat' dir='ltr'><strong>Perside</strong></span> <span class='ocrx_word' id='word_1_139' title='bbox 752 2199 787 2262; x_wconf 89' lang='lat' dir='ltr'><strong>in</strong></span> <span class='ocrx_word' id='word_1_140' title='bbox 811 2197 998 2268; x_wconf 77' lang='lat' dir='ltr'><strong>Christianae</strong></span> <span class='ocrx_word' id='word_1_141' title='bbox 1017 2213 1111 2266; x_wconf 85' lang='lat' dir='ltr'><strong>terras</strong></span> <span class='ocrx_word' id='word_1_142' title='bbox 1136 2202 1253 2263; x_wconf 85' lang='lat' dir='ltr'><strong>tumul.-</strong></span> 
     </span>
     <span class='ocr_line' id='line_1_20' title="bbox 148 2299 1253 2391; baseline 0.001 -27"><span class='ocrx_word' id='word_1_143' title='bbox 148 2303 263 2376; x_wconf 81' lang='lat' dir='ltr'><strong>tuariea</strong></span> <span class='ocrx_word' id='word_1_144' title='bbox 290 2304 443 2376; x_wconf 78' lang='lat' dir='ltr'><strong>latronum</strong></span> <span class='ocrx_word' id='word_1_145' title='bbox 470 2321 590 2368; x_wconf 82' lang='lat' dir='ltr'><strong>manua.</strong></span> <span class='ocrx_word' id='word_1_146' title='bbox 641 2301 751 2372; x_wconf 87' lang='lat' dir='ltr'><strong>harum</strong></span> <span class='ocrx_word' id='word_1_147' title='bbox 776 2299 841 2366; x_wconf 86' lang='lat' dir='ltr'><strong>dux</strong></span> <span class='ocrx_word' id='word_1_148' title='bbox 875 2303 983 2384; x_wconf 86' lang='lat' dir='ltr'><strong>unius,</strong></span> <span class='ocrx_word' id='word_1_149' title='bbox 1024 2325 1118 2391; x_wconf 86' lang='lat' dir='ltr'><strong>quem</strong></span> <span class='ocrx_word' id='word_1_150' title='bbox 1146 2315 1253 2366; x_wconf 83' lang='lat' dir='ltr'><strong>noster</strong></span> 
     </span>
     <span class='ocr_line' id='line_1_21' title="bbox 147 2402 1252 2483; baseline -0.007 -9"><span class='ocrx_word' id='word_1_151' title='bbox 147 2407 311 2474; x_wconf 75' lang='lat' dir='ltr'><strong>Atmanem</strong></span> <span class='ocrx_word' id='word_1_152' title='bbox 339 2415 447 2483; x_wconf 78' lang='lat' dir='ltr'><strong>vocat,</strong></span> <span class='ocrx_word' id='word_1_153' title='bbox 489 2404 558 2468; x_wconf 85' lang='lat' dir='ltr'><strong>aliis</strong></span> <span class='ocrx_word' id='word_1_154' title='bbox 593 2402 779 2469; x_wconf 89' lang='lat' dir='ltr'><strong>Ottomanes</strong></span> <span class='ocrx_word' id='word_1_155' title='bbox 812 2405 1005 2483; x_wconf 85' lang='lat' dir='ltr'><strong>nominatus,</strong></span> <span class='ocrx_word' id='word_1_156' title='bbox 1046 2427 1087 2468; x_wconf 85' lang='lat' dir='ltr'><strong>ex</strong></span> <span class='ocrx_word' id='word_1_157' title='bbox 1122 2408 1252 2469; x_wconf 77' lang='lat' dir='ltr'><strong>obscuro</strong></span> 
     </span>
     <span class='ocr_line' id='line_1_22' title="bbox 147 2505 1253 2592; baseline -0.004 -18"><span class='ocrx_word' id='word_1_158' title='bbox 147 2522 256 2591; x_wconf 81' lang='lat' dir='ltr'><strong>egente</strong></span> <span class='ocrx_word' id='word_1_159' title='bbox 284 2509 407 2572; x_wconf 84' lang='lat' dir='ltr'><strong>infirmo</strong></span> <span class='ocrx_word' id='word_1_160' title='bbox 440 2506 637 2578; x_wconf 74' lang='lat' dir='ltr'><strong>inclarescere</strong></span> <span class='ocrx_word' id='word_1_161' title='bbox 670 2506 760 2570; x_wconf 83' lang='lat' dir='ltr'><strong>ditari</strong></span> <span class='ocrx_word' id='word_1_162' title='bbox 792 2507 979 2572; x_wconf 84' lang='lat' dir='ltr'><strong>corroborari</strong></span> <span class='ocrx_word' id='word_1_163' title='bbox 1008 2505 1154 2592; x_wconf 89' lang='lat' dir='ltr'><strong>paulatim</strong></span> <span class='ocrx_word' id='word_1_164' title='bbox 1187 2527 1253 2570; x_wconf 83' lang='lat' dir='ltr'><strong>non</strong></span> 
     </span>
     <span class='ocr_line' id='line_1_23' title="bbox 148 2607 1252 2698; baseline -0.004 -22"><span class='ocrx_word' id='word_1_165' title='bbox 148 2613 253 2690; x_wconf 86' lang='lat' dir='ltr'><strong>desiit,</strong></span> <span class='ocrx_word' id='word_1_166' title='bbox 276 2611 375 2698; x_wconf 84' lang='lat' dir='ltr'><strong>quoad</strong></span> <span class='ocrx_word' id='word_1_167' title='bbox 397 2611 521 2690; x_wconf 81' lang='lat' dir='ltr'><strong>multis,</strong></span> <span class='ocrx_word' id='word_1_168' title='bbox 541 2621 632 2698; x_wconf 88' lang='lat' dir='ltr'><strong>prout</strong></span> <span class='ocrx_word' id='word_1_169' title='bbox 662 2610 869 2693; x_wconf 85' lang='lat' dir='ltr'><strong>Pachymeres</strong></span> <span class='ocrx_word' id='word_1_170' title='bbox 896 2609 1030 2696; x_wconf 87' lang='lat' dir='ltr'><strong>sparsim</strong></span> <span class='ocrx_word' id='word_1_171' title='bbox 1051 2607 1101 2672; x_wconf 90' lang='lat' dir='ltr'><strong>bic</strong></span> <span class='ocrx_word' id='word_1_172' title='bbox 1128 2629 1252 2672; x_wconf 68' lang='lat' dir='ltr'><strong>memo-⁵</strong></span> 
     </span>
     <span class='ocr_line' id='line_1_24' title="bbox 147 2710 1252 2800; baseline -0.005 -20"><span class='ocrx_word' id='word_1_173' title='bbox 147 2729 209 2796; x_wconf 86' lang='lat' dir='ltr'><strong>rat,</strong></span> <span class='ocrx_word' id='word_1_174' title='bbox 234 2727 340 2782; x_wconf 82' lang='lat' dir='ltr'><strong>auctus</strong></span> <span class='ocrx_word' id='word_1_175' title='bbox 359 2713 563 2793; x_wconf 72' lang='lat' dir='ltr'><strong>remensibus,</strong></span> <span class='ocrx_word' id='word_1_176' title='bbox 589 2713 710 2800; x_wconf 82' lang='lat' dir='ltr'><strong>praedis</strong></span> <span class='ocrx_word' id='word_1_177' title='bbox 737 2715 953 2800; x_wconf 89' lang='lat' dir='ltr'><strong>locupletatus,</strong></span> <span class='ocrx_word' id='word_1_178' title='bbox 982 2712 1099 2777; x_wconf 87' lang='lat' dir='ltr'><strong>arcibus</strong></span> <span class='ocrx_word' id='word_1_179' title='bbox 1127 2710 1252 2776; x_wconf 85' lang='lat' dir='ltr'><strong>urbibus</strong></span> 
     </span>
     <span class='ocr_line' id='line_1_25' title="bbox 146 2813 1252 2908; baseline -0.007 -22"><span class='ocrx_word' id='word_1_180' title='bbox 146 2818 315 2908; x_wconf 83' lang='lat' dir='ltr'><strong>provinciis</strong></span> <span class='ocrx_word' id='word_1_181' title='bbox 342 2837 416 2889; x_wconf 82' lang='lat' dir='ltr'><strong>auae</strong></span> <span class='ocrx_word' id='word_1_182' title='bbox 443 2816 552 2888; x_wconf 88' lang='lat' dir='ltr'><strong>ditioni</strong></span> <span class='ocrx_word' id='word_1_183' title='bbox 587 2815 734 2894; x_wconf 84' lang='lat' dir='ltr'><strong>subditis,</strong></span> <span class='ocrx_word' id='word_1_184' title='bbox 773 2815 888 2890; x_wconf 83' lang='lat' dir='ltr'><strong>Prosae</strong></span> <span class='ocrx_word' id='word_1_185' title='bbox 914 2813 1056 2896; x_wconf 86' lang='lat' dir='ltr'><strong>tandem,</strong></span> <span class='ocrx_word' id='word_1_186' title='bbox 1090 2837 1185 2903; x_wconf 88' lang='lat' dir='ltr'><strong>quam</strong></span> <span class='ocrx_word' id='word_1_187' title='bbox 1217 2815 1252 2878; x_wconf 93' lang='lat' dir='ltr'><strong>in</strong></span> 
     </span>
     <span class='ocr_line' id='line_1_26' title="bbox 147 2918 1253 3008; baseline -0.005 -20"><span class='ocrx_word' id='word_1_188' title='bbox 147 2921 294 3004; x_wconf 81' lang='lat' dir='ltr'><strong>Bithynia</strong></span> <span class='ocrx_word' id='word_1_189' title='bbox 329 2931 545 3008; x_wconf 82' lang='lat' dir='ltr'><strong>occupaverat,</strong></span> <span class='ocrx_word' id='word_1_190' title='bbox 571 2941 699 3004; x_wconf 87' lang='lat' dir='ltr'><strong>regnum</strong></span> <span class='ocrx_word' id='word_1_191' title='bbox 718 2918 864 2999; x_wconf 88' lang='lat' dir='ltr'><strong>instituit,</strong></span> <span class='ocrx_word' id='word_1_192' title='bbox 897 2919 974 2986; x_wconf 88' lang='lat' dir='ltr'><strong>circa</strong></span> <span class='ocrx_word' id='word_1_193' title='bbox 996 2918 1109 2985; x_wconf 84' lang='lat' dir='ltr'><strong>Christi</strong></span> <span class='ocrx_word' id='word_1_194' title='bbox 1136 2939 1253 2984; x_wconf 81' lang='lat' dir='ltr'><strong>suumn</strong></span> 
     </span>
     <span class='ocr_line' id='line_1_27' title="bbox 147 3023 1252 3110; baseline -0.003 -22"><span class='ocrx_word' id='word_1_195' title='bbox 147 3025 349 3096; x_wconf 82' lang='lat' dir='ltr'><strong>millesimum</strong></span> <span class='ocrx_word' id='word_1_196' title='bbox 375 3024 638 3103; x_wconf 81' lang='lat' dir='ltr'><strong>trecentesimum,</strong></span> <span class='ocrx_word' id='word_1_197' title='bbox 665 3023 831 3088; x_wconf 84' lang='lat' dir='ltr'><strong>Andronici</strong></span> <span class='ocrx_word' id='word_1_198' title='bbox 856 3023 954 3086; x_wconf 82' lang='lat' dir='ltr'><strong>nostri</strong></span> <span class='ocrx_word' id='word_1_199' title='bbox 974 3023 1065 3086; x_wconf 90' lang='lat' dir='ltr'><strong>huius</strong></span> <span class='ocrx_word' id='word_1_200' title='bbox 1089 3023 1122 3086; x_wconf 90' lang='lat' dir='ltr'><strong>in</strong></span> <span class='ocrx_word' id='word_1_201' title='bbox 1149 3023 1252 3110; x_wconf 88' lang='lat' dir='ltr'><strong>impe-</strong></span> 
     </span>
     <span class='ocr_line' id='line_1_28' title="bbox 147 3125 1254 3214; baseline -0.005 -20"><span class='ocrx_word' id='word_1_202' title='bbox 147 3131 194 3194; x_wconf 87' lang='lat' dir='ltr'><strong>rio</strong></span> <span class='ocrx_word' id='word_1_203' title='bbox 223 3127 515 3201; x_wconf 78' lang='lat' dir='ltr'><strong>duodevicesimam.</strong></span> <span class='ocrx_word' id='word_1_204' title='bbox 567 3125 731 3192; x_wconf 88' lang='lat' dir='ltr'><strong>Ottomani</strong></span> <span class='ocrx_word' id='word_1_205' title='bbox 749 3128 802 3214; x_wconf 88' lang='lat' dir='ltr'><strong>qui</strong></span> <span class='ocrx_word' id='word_1_206' title='bbox 824 3125 946 3208; x_wconf 89' lang='lat' dir='ltr'><strong>triginta</strong></span> <span class='ocrx_word' id='word_1_207' title='bbox 967 3126 1083 3191; x_wconf 87' lang='lat' dir='ltr'><strong>circiter</strong></span> <span class='ocrx_word' id='word_1_208' title='bbox 1104 3137 1176 3214; x_wconf 89' lang='lat' dir='ltr'><strong>post</strong></span> <span class='ocrx_word' id='word_1_209' title='bbox 1195 3146 1254 3190; x_wconf 87' lang='lat' dir='ltr'><strong>an-</strong></span> 
     </span>
     <span class='ocr_line' id='line_1_29' title="bbox 147 3228 1254 3318; baseline -0.006 -20"><span class='ocrx_word' id='word_1_210' title='bbox 147 3233 197 3304; x_wconf 82' lang='lat' dir='ltr'><strong>nis</strong></span> <span class='ocrx_word' id='word_1_211' title='bbox 226 3234 371 3300; x_wconf 85' lang='lat' dir='ltr'><strong>successit</strong></span> <span class='ocrx_word' id='word_1_212' title='bbox 395 3233 428 3306; x_wconf 78' lang='lat' dir='ltr'><strong>iu</strong></span> <span class='ocrx_word' id='word_1_213' title='bbox 455 3253 550 3314; x_wconf 87' lang='lat' dir='ltr'><strong>regno</strong></span> <span class='ocrx_word' id='word_1_214' title='bbox 578 3231 722 3302; x_wconf 85' lang='lat' dir='ltr'><strong>morienti</strong></span> <span class='ocrx_word' id='word_1_215' title='bbox 757 3231 838 3301; x_wconf 85' lang='lat' dir='ltr'><strong>filius</strong></span> <span class='ocrx_word' id='word_1_216' title='bbox 870 3230 1047 3311; x_wconf 69' lang='lat' dir='ltr'><strong>Oetaeae,</strong></span> <span class='ocrx_word' id='word_1_217' title='bbox 1079 3241 1166 3318; x_wconf 84' lang='lat' dir='ltr'><strong>capta</strong></span> <span class='ocrx_word' id='word_1_218' title='bbox 1195 3228 1254 3294; x_wconf 68' lang='lat' dir='ltr'><strong>Ni,</strong></span> 
     </span>
     <span class='ocr_line' id='line_1_30' title="bbox 149 3331 1254 3418; baseline -0.006 -17"><span class='ocrx_word' id='word_1_219' title='bbox 149 3355 221 3408; x_wconf 83' lang='lat' dir='ltr'><strong>oaea</strong></span> <span class='ocrx_word' id='word_1_220' title='bbox 265 3338 357 3402; x_wconf 84' lang='lat' dir='ltr'><strong>altera</strong></span> <span class='ocrx_word' id='word_1_221' title='bbox 392 3335 475 3418; x_wconf 85' lang='lat' dir='ltr'><strong>regia</strong></span> <span class='ocrx_word' id='word_1_222' title='bbox 509 3333 753 3416; x_wconf 75' lang='lat' dir='ltr'><strong>byzantinorum</strong></span> <span class='ocrx_word' id='word_1_223' title='bbox 787 3334 1006 3415; x_wconf 77' lang='lat' dir='ltr'><strong>Augustorum,</strong></span> <span class='ocrx_word' id='word_1_224' title='bbox 1040 3331 1254 3401; x_wconf 82' lang='lat' dir='ltr'><strong>Nicomediam</strong></span> 
     </span>
     <span class='ocr_line' id='line_1_31' title="bbox 150 3433 1254 3527; baseline -0.005 -25"><span class='ocrx_word' id='word_1_225' title='bbox 150 3451 310 3527; x_wconf 84' lang='lat' dir='ltr'><strong>praeterea</strong></span> <span class='ocrx_word' id='word_1_226' title='bbox 330 3440 522 3525; x_wconf 85' lang='lat' dir='ltr'><strong>reliquasque</strong></span> <span class='ocrx_word' id='word_1_227' title='bbox 539 3449 649 3510; x_wconf 73' lang='lat' dir='ltr'><strong>tractus</strong></span> <span class='ocrx_word' id='word_1_228' title='bbox 678 3438 744 3506; x_wconf 84' lang='lat' dir='ltr'><strong>eius</strong></span> <span class='ocrx_word' id='word_1_229' title='bbox 772 3437 910 3504; x_wconf 82' lang='lat' dir='ltr'><strong>civitatee</strong></span> <span class='ocrx_word' id='word_1_230' title='bbox 933 3437 1074 3521; x_wconf 78' lang='lat' dir='ltr'><strong>inclytas,</strong></span> <span class='ocrx_word' id='word_1_231' title='bbox 1093 3447 1158 3499; x_wconf 85' lang='lat' dir='ltr'><strong>tum</strong></span> <span class='ocrx_word' id='word_1_232' title='bbox 1180 3433 1254 3520; x_wconf 59' lang='lat' dir='ltr'><strong>Myg-</strong></span> 
     </span>
     <span class='ocr_line' id='line_1_32' title="bbox 149 3537 1253 3627; baseline -0.007 -19"><span class='ocrx_word' id='word_1_233' title='bbox 149 3543 231 3607; x_wconf 82' lang='lat' dir='ltr'><strong>aiam</strong></span> <span class='ocrx_word' id='word_1_234' title='bbox 257 3542 445 3626; x_wconf 86' lang='lat' dir='ltr'><strong>Lycaoniam</strong></span> <span class='ocrx_word' id='word_1_235' title='bbox 462 3539 630 3623; x_wconf 84' lang='lat' dir='ltr'><strong>Phrygiam</strong></span> <span class='ocrx_word' id='word_1_236' title='bbox 654 3537 775 3604; x_wconf 81' lang='lat' dir='ltr'><strong>Cariam</strong></span> <span class='ocrx_word' id='word_1_237' title='bbox 802 3552 983 3627; x_wconf 78' lang='lat' dir='ltr'><strong>cunctaeque</strong></span> <span class='ocrx_word' id='word_1_238' title='bbox 1006 3540 1045 3604; x_wconf 90' lang='lat' dir='ltr'><strong>ad</strong></span> <span class='ocrx_word' id='word_1_239' title='bbox 1066 3541 1253 3623; x_wconf 81' lang='lat' dir='ltr'><strong>Hellespon-</strong></span> 
     </span>
     <span class='ocr_line' id='line_1_33' title="bbox 148 3640 1254 3730; baseline -0.009 -18"><span class='ocrx_word' id='word_1_240' title='bbox 148 3658 217 3712; x_wconf 86' lang='lat' dir='ltr'><strong>tum</strong></span> <span class='ocrx_word' id='word_1_241' title='bbox 242 3659 273 3710; x_wconf 91' lang='lat' dir='ltr'><strong>et</strong></span> <span class='ocrx_word' id='word_1_242' title='bbox 295 3645 450 3717; x_wconf 85' lang='lat' dir='ltr'><strong>Euxinum</strong></span> <span class='ocrx_word' id='word_1_243' title='bbox 473 3645 629 3726; x_wconf 80' lang='lat' dir='ltr'><strong>regiones,</strong></span> <span class='ocrx_word' id='word_1_244' title='bbox 655 3641 798 3714; x_wconf 83' lang='lat' dir='ltr'><strong>Romano</strong></span> <span class='ocrx_word' id='word_1_245' title='bbox 827 3656 947 3730; x_wconf 87' lang='lat' dir='ltr'><strong>ereptas</strong></span> <span class='ocrx_word' id='word_1_246' title='bbox 975 3665 1032 3710; x_wconf 89' lang='lat' dir='ltr'><strong>suo</strong></span> <span class='ocrx_word' id='word_1_247' title='bbox 1059 3640 1169 3706; x_wconf 88' lang='lat' dir='ltr'><strong>adiecit</strong></span> <span class='ocrx_word' id='word_1_248' title='bbox 1191 3641 1254 3702; x_wconf 85' lang='lat' dir='ltr'><strong>inr-</strong></span> 
     </span>
     <span class='ocr_line' id='line_1_34' title="bbox 147 3741 1254 3836; baseline -0.007 -22"><span class='ocrx_word' id='word_1_249' title='bbox 147 3750 245 3836; x_wconf 87' lang='lat' dir='ltr'><strong>periu.</strong></span> <span class='ocrx_word' id='word_1_250' title='bbox 297 3749 381 3812; x_wconf 86' lang='lat' dir='ltr'><strong>euius</strong></span> <span class='ocrx_word' id='word_1_251' title='bbox 403 3748 497 3814; x_wconf 86' lang='lat' dir='ltr'><strong>etiem</strong></span> <span class='ocrx_word' id='word_1_252' title='bbox 517 3746 615 3812; x_wconf 88' lang='lat' dir='ltr'><strong>adhuc</strong></span> <span class='ocrx_word' id='word_1_253' title='bbox 631 3748 785 3828; x_wconf 86' lang='lat' dir='ltr'><strong>regnantis</strong></span> <span class='ocrx_word' id='word_1_254' title='bbox 806 3747 950 3835; x_wconf 84' lang='lat' dir='ltr'><strong>auspiciis</strong></span> <span class='ocrx_word' id='word_1_255' title='bbox 972 3745 1147 3810; x_wconf 86' lang='lat' dir='ltr'><strong>Solimanee</strong></span> <span class='ocrx_word' id='word_1_256' title='bbox 1161 3741 1254 3821; x_wconf 83' lang='lat' dir='ltr'><strong>filius,</strong></span> 
     </span>
     <span class='ocr_line' id='line_1_35' title="bbox 148 3845 1255 3938; baseline -0.007 -22"><span class='ocrx_word' id='word_1_257' title='bbox 148 3865 219 3916; x_wconf 88' lang='lat' dir='ltr'><strong>ante</strong></span> <span class='ocrx_word' id='word_1_258' title='bbox 247 3863 365 3938; x_wconf 85' lang='lat' dir='ltr'><strong>patrem</strong></span> <span class='ocrx_word' id='word_1_259' title='bbox 397 3847 507 3913; x_wconf 90' lang='lat' dir='ltr'><strong>deinde</strong></span> <span class='ocrx_word' id='word_1_260' title='bbox 542 3861 704 3930; x_wconf 85' lang='lat' dir='ltr'><strong>mortuus,</strong></span> <span class='ocrx_word' id='word_1_261' title='bbox 729 3850 761 3916; x_wconf 88' lang='lat' dir='ltr'><strong>iu</strong></span> <span class='ocrx_word' id='word_1_262' title='bbox 792 3848 957 3920; x_wconf 84' lang='lat' dir='ltr'><strong>Thraciam</strong></span> <span class='ocrx_word' id='word_1_263' title='bbox 985 3849 1140 3914; x_wconf 66' lang='lat' dir='ltr'><strong>aufidena</strong></span> <span class='ocrx_word' id='word_1_264' title='bbox 1161 3845 1255 3910; x_wconf 85' lang='lat' dir='ltr'><strong>Otto·</strong></span> 
     </span>
     <span class='ocr_line' id='line_1_36' title="bbox 148 3947 1255 4042; baseline -0.007 -24"><span class='ocrx_word' id='word_1_265' title='bbox 148 3955 277 4020; x_wconf 86' lang='lat' dir='ltr'><strong>manicis</strong></span> <span class='ocrx_word' id='word_1_266' title='bbox 311 3956 429 4042; x_wconf 86' lang='lat' dir='ltr'><strong>primus</strong></span> <span class='ocrx_word' id='word_1_267' title='bbox 456 3952 613 4040; x_wconf 83' lang='lat' dir='ltr'><strong>Europam</strong></span> <span class='ocrx_word' id='word_1_268' title='bbox 641 3953 734 4024; x_wconf 82' lang='lat' dir='ltr'><strong>armis</strong></span> <span class='ocrx_word' id='word_1_269' title='bbox 763 3951 919 4025; x_wconf 84' lang='lat' dir='ltr'><strong>delibavit.</strong></span> <span class='ocrx_word' id='word_1_270' title='bbox 970 3953 1015 4018; x_wconf 82' lang='lat' dir='ltr'><strong>sic</strong></span> <span class='ocrx_word' id='word_1_271' title='bbox 1042 3961 1162 4034; x_wconf 86' lang='lat' dir='ltr'><strong>gestum</strong></span> <span class='ocrx_word' id='word_1_272' title='bbox 1190 3947 1255 4012; x_wconf 90' lang='lat' dir='ltr'><strong>Or-</strong></span> 
     </span>
     <span class='ocr_line' id='line_1_37' title="bbox 149 4051 1254 4146; baseline -0.005 -26"><span class='ocrx_word' id='word_1_273' title='bbox 149 4058 261 4138; x_wconf 79' lang='lat' dir='ltr'><strong>cbenes</strong></span> <span class='ocrx_word' id='word_1_274' title='bbox 290 4059 379 4122; x_wconf 86' lang='lat' dir='ltr'><strong>annis</strong></span> <span class='ocrx_word' id='word_1_275' title='bbox 407 4055 525 4124; x_wconf 84' lang='lat' dir='ltr'><strong>duobus</strong></span> <span class='ocrx_word' id='word_1_276' title='bbox 549 4067 580 4120; x_wconf 89' lang='lat' dir='ltr'><strong>et</strong></span> <span class='ocrx_word' id='word_1_277' title='bbox 600 4055 711 4138; x_wconf 81' lang='lat' dir='ltr'><strong>viginti</strong></span> <span class='ocrx_word' id='word_1_278' title='bbox 731 4058 936 4146; x_wconf 84' lang='lat' dir='ltr'><strong>principatum</strong></span> <span class='ocrx_word' id='word_1_279' title='bbox 962 4056 1130 4122; x_wconf 82' lang='lat' dir='ltr'><strong>uansmieit</strong></span> <span class='ocrx_word' id='word_1_280' title='bbox 1156 4051 1254 4117; x_wconf 78' lang='lat' dir='ltr'><strong>Amu-</strong></span> 
     </span>
    </p>
   </div>
   <div class='ocr_carea' id='block_1_3' title="bbox 118 4147 1327 4360">
    <p class='ocr_par' dir='ltr' id='par_1_3' title="bbox 118 4147 1327 4360">
     <span class='ocr_line' id='line_1_38' title="bbox 118 4147 1254 4249; baseline -0.006 -24"><span class='ocrx_word' id='word_1_281' title='bbox 118 4147 119 4152; x_wconf 7' lang='grc' dir='ltr'><strong><em>ῒ</em></strong></span> <span class='ocrx_word' id='word_1_282' title='bbox 149 4160 209 4228; x_wconf 66' lang='lat' dir='ltr'><strong>rau,</strong></span> <span class='ocrx_word' id='word_1_283' title='bbox 235 4181 274 4224; x_wconf 89' lang='lat' dir='ltr'><strong>er</strong></span> <span class='ocrx_word' id='word_1_284' title='bbox 304 4181 339 4224; x_wconf 89' lang='lat' dir='ltr'><strong>se</strong></span> <span class='ocrx_word' id='word_1_285' title='bbox 367 4160 496 4242; x_wconf 58' lang='lat' dir='ltr'><strong>genito5</strong></span> <span class='ocrx_word' id='word_1_286' title='bbox 515 4159 669 4245; x_wconf 80' lang='lat' dir='ltr'><strong>superstiti</strong></span> <span class='ocrx_word' id='word_1_287' title='bbox 693 4162 815 4241; x_wconf 83' lang='lat' dir='ltr'><strong>relicto,</strong></span> <span class='ocrx_word' id='word_1_288' title='bbox 840 4163 893 4249; x_wconf 72' lang='lat' dir='ltr'><strong>qui</strong></span> <span class='ocrx_word' id='word_1_289' title='bbox 913 4159 1063 4248; x_wconf 82' lang='lat' dir='ltr'><strong>Callipoti</strong></span> <span class='ocrx_word' id='word_1_290' title='bbox 1082 4155 1254 4222; x_wconf 83' lang='lat' dir='ltr'><strong>Hadriano-</strong></span> 
     </span>
     <span class='ocr_line' id='line_1_39' title="bbox 150 4259 1327 4360; baseline -0.002 -30"><span class='ocrx_word' id='word_1_291' title='bbox 150 4262 275 4352; x_wconf 78' lang='lat' dir='ltr'><strong>poliat</strong></span> <span class='ocrx_word' id='word_1_292' title='bbox 298 4263 439 4338; x_wconf 69' lang='lat' dir='ltr'><strong>subiectis</strong></span> <span class='ocrx_word' id='word_1_293' title='bbox 463 4261 675 4360; x_wconf 19' lang='lat' dir='ltr'><strong>orbikutrique</strong></span> <span class='ocrx_word' id='word_1_294' title='bbox 707 4263 881 4348; x_wconf 81' lang='lat' dir='ltr'><strong>regionibus</strong></span> <span class='ocrx_word' id='word_1_295' title='bbox 908 4265 1084 4334; x_wconf 80' lang='lat' dir='ltr'><strong>Romanam</strong></span> <span class='ocrx_word' id='word_1_296' title='bbox 1112 4259 1255 4326; x_wconf 85' lang='lat' dir='ltr'><strong>minuens</strong></span> <span class='ocrx_word' id='word_1_297' title='bbox 1322 4319 1327 4328; x_wconf 93' lang='lat'><em>.</em></span> 
     </span>
    </p>
   </div>
   <div class='ocr_carea' id='block_1_4' title="bbox 0 0 1392 4786">
    <p class='ocr_par' dir='ltr' id='par_1_4' title="bbox 0 0 1392 4786">
     <span class='ocr_line' id='line_1_40' title="bbox 0 0 1392 4786; baseline 0 0"><span class='ocrx_word' id='word_1_298' title='bbox 0 0 1392 4786; x_wconf 95' lang='lat' dir='ltr'><strong> </strong></span> 
     </span>
    </p>
   </div>
  </div>
 </body>
</html>
