2782 4792
239 271 299 340 on
323 269 575 342 suunomoo
600 264 882 362 rnmotooo
908 275 945 344 α
970 273 1046 346 vn.
1079 245 1101 258 ”
1118 274 1198 382 σου

84 443 215 534 πίμπων
229 444 416 532 θντολίηθεν
433 436 526 524 οὗτος
549 439 711 534 κατήπειγε
728 444 786 524 τίς
806 441 962 528 σπονδοίς,
975 509 976 512 ,
987 431 1195 534 circumcirca*-
1219 430 1239 544 γ’
1279 433 1283 446 ⁸

83 577 139 630 νος
159 549 261 618 πολλοὶ
278 551 336 631 μίν
358 553 409 618 καὶ
431 549 514 616 ἄλλα
534 559 600 636 τοῖς
617 545 779 636 Ῥωμαίων
798 551 984 628 συνοίσοντα
1003 551 1193 640 πράγμασιν,

84 654 123 724 οὗ
145 654 210 738 μὴν
229 654 264 734 δὲ
283 653 363 720 ἀλλὰ
383 655 434 722 καί
456 652 531 730 τούς
551 653 686 740 ἐχθροὺς
706 657 759 736 καί
781 651 890 740 πρώην
912 653 1194 741 ἅπαστανήσαντας

85 753 349 843 Τουρκοπονίλους
367 759 401 826 la
421 750 613 842 μηνυμάτων
630 764 694 824 τῶν
715 756 795 844 πρός
812 759 945 836 ίκείνους
965 755 1192 845 προσάξεσθαι,

57 860 123 946 {iiio
134 858 232 944 μόνον
244 869 383 948 γυναῖκες
396 862 517 926 ἐκείνων
532 860 686 928 ἓπισταῖεν
702 863 754 946 καί
767 860 859 927 τίκνα
873 859 914 928 τὰ
928 862 1193 952 nanciscimin—
1294 897 1295 902 ¹

83 969 146 1032 νῶν
166 964 245 1048 πρὸς
268 959 358 1030 πόλιν
382 962 617 1048 ἀποσταλέντα,
639 963 786 1046 βασιλεὺς
806 965 840 1042 ἒξ
860 961 999 1042 ἅπαντας
1011 967 1116 1034 θέλων
1129 968 1229 1046 ricc

83 1074 147 1140 ,τῶν
171 1066 298 1134 Ἰταλῶν
326 1063 473 1150 δυνάμεις
500 1065 738 1152 ἀρρωοτοτίρας
766 1069 955 1153 ίγκαθιστᾶν
983 1067 1103 1154 δέχεται
1132 1070 1190 1155 τὴν

83 1173 266 1257 πρεσβείαν,
301 1172 352 1238 καί
380 1165 628 1256 φιλανθρώπους
655 1171 715 1248 τὰς
736 1169 911 1256 ἀποκρίσεις
934 1171 1042 1260 διδους
1061 1179 1130 1250 πῶς
1150 1173 1191 1240 dv

83 1273 164 1340 κατὰ
184 1269 303 1360 τρόπον
325 1280 427 1340 ταῦτα
451 1271 651 1360 καταστήσειε
673 1273 875 1364 διεοκίπεενο.
929 1273 1003 1342 oaldi
1021 1272 1096 1360 ἡμῖν
1115 1272 1191 1354 ἴσως

40 1389 77 1444 10
80 1387 186 1462 χεῖρον
210 1381 440 1460 προαναλαβεῖν
462 1378 513 1444 καί
537 1379 677 1462 δηλῶσαι
696 1379 766 1464 περὶ
790 1383 847 1444 τοῦ
869 1377 995 1464 κυρίου,
1030 1381 1115 1455 τίνος
1129 1379 1191 1463 μίν
1271 1457 1276 1466 ⁴

83 1479 198 1564 ίίίιλὴκ
216 1475 404 1566 θυγάτριον,
431 1475 517 1558 ὅπως
536 1481 570 1546 δὲ
589 1480 669 1548 κατὰ
689 1477 779 1548 πόλιν
795 1481 828 1546 ἐν
840 1489 908 1558 τοῖς
920 1469 1079 1565 Ῥωμαίων
1098 1477 1192 1567 ἤθεσι

24 1610 30 1620 ·
82 1583 273 1670 προσίκυροι
290 1585 485 1650 διαιτᾶσθαι.
532 1580 691 1669 Ἀζατίνης
705 1584 762 1667 μίν
778 1575 834 1650 οὖν
848 1584 985 1651 ocularia
998 1587 1109 1663 ἐκεῖνος
1122 1589 1192 1676 πιρλ

82 1675 121 1754 οὗ
143 1687 177 1752 la
197 1696 263 1763 τοῖς
281 1686 443 1773 προτίροις
465 1682 568 1772 λόγοις
592 1686 749 1771 ίλίγομεν,
776 1685 821 1753 tu
843 1695 900 1771 τῆς
914 1690 1073 1777 Περσίδος
1089 1696 1189 1757 καθε-
1204 1675 1237 1756 u'

81 1785 224 1874 σεῶσης,
252 1789 315 1856 ind
338 1787 475 1885 ξκσοιλῶν
490 1782 530 1875 ἦν
547 1788 633 1880 αὐτῷ
649 1785 666 1858 ὅ
681 1788 784 1876 πατὴρ
797 1788 993 1878 Ἰαφατίνης,
1021 1783 1059 1859 οὗ
1077 1792 1117 1878 δὴ
1138 1795 1191 1859 καλ

38 1900 74 1959 1⁵
82 1892 206 1979 Πίρσαι
220 1889 412 1978 κατήκουον,
440 1895 483 1972 είς
503 1892 662 1980 διαφορᾶς·
676 1895 823 1979 μεγίστας
838 1893 917 1982 πρὸς
932 1895 988 1960 τὸν
1002 1893 1083 1960 ittam
1098 1893 1192 1962 oidel-

80 1996 143 2085 φὸν
158 1993 376 2084 Ῥουκρατίνην
398 1997 593 2062 καθίστατο·
618 1993 839 2083 διημφισβήτει
854 1994 913 2082 γὰρ
928 2003 984 2080 τῆς
1001 1995 1101 2082 ἀρχῆς
1114 1998 1192 2065 ἐκεῖ·

80 2123 135 2175 νος
156 2100 208 2164 καί
230 2099 353 2165 oleran
366 2093 560 2184 μαχόμενος,
587 2095 630 2175 ὥς
642 2101 693 2185 καλ
708 2102 751 2176 είς
768 2093 931 2184 Τοχοίρους
951 2097 1113 2166 ἀποκλῖναι
1127 2099 1191 2186 ἤδη

74 2212 148 2278 τοῖς
170 2207 305 2286 Περσῶν
318 2203 555 2287 ,ἐπιχειροῦντος
574 2198 750 2287 πράγμασι,
778 2204 830 2267 καί
845 2199 904 2278 τὰς
917 2198 1075 2288 ἀρκούσας
1093 2199 1192 2268 δυνά-

79 2329 147 2388 μεις
158 2306 276 2372 ἐκεῖθεν
288 2305 396 2387 λαβὼν
411 2305 452 2372 τελ
466 2303 587 2371 δυνατὰ
602 2305 748 2396 τάδελφῷ
760 2304 943 2391 ἓπεισφρεῒν.
994 2301 1194 2390 καταταχοιί-

35 2426 173 2494 εομενος
185 2407 228 2476 ,δ’
249 2404 308 2474 ὑπ’
335 2409 456 2476 ἐκείνων
474 2408 632 2496 Ἀζατίνης
651 2406 729 2495 ἔγνω
751 2407 831 2474 κατὰ
846 2405 985 2485 σπονδὰς
995 2418 1187 2498 προσχωρεῖν
1202 2418 1228 2474 Ε

79 2619 196 2676 foederis
213 2617 286 2692 prius
301 2619 429 2691 propositi
446 2619 586 2680 clausulam
603 2625 743 2692 urgerent,
760 2625 789 2676 et
805 2638 823 2676 n
839 2638 869 2678 se
885 2621 1085 2691 pollicerentur,
1102 2622 1126 2678 si
1142 2622 1192 2678 boc

78 2691 172 2759 fieret,
190 2701 306 2746 acturum
323 2690 408 2760 ipsum
424 2691 505 2744 mults
521 2693 654 2747 Romanas
670 2693 708 2746 rel
725 2691 773 2746 teli
790 2697 906 2762 temporo
919 2691 995 2746 raldo
1012 2691 1192 2747 conducibilia.

78 2759 268 2815 internectere
285 2777 349 2812 vero
366 2759 544 2829 Turcopnlos,
568 2761 612 2833 qui
635 2777 719 2832 nuper
735 2762 769 2814 sb
786 2760 953 2830 Amcgabnris
976 2760 1089 2814 delicere
1105 2761 1193 2816 conati

77 2829 1193 2968 ttt‘ttnttttttttttltt‘sstnltttiltutotttslnttttffitt

78 2975 133 3022 tam
151 2939 247 3038 q’nippe
263 2968 296 3020 ab
313 2967 347 3020 iis
364 2968 414 3021 sibi
432 2985 523 3022 recens
546 2970 627 3022 luisse
652 2985 699 3038 per
720 2984 829 3021 nrmnos
852 2965 1024 3020 internuntios
1039 2967 1116 3021 fidem
1133 2985 1192 3021 sar-

77 3037 165 3090 viendi
190 3043 325 3106 Augusto,
351 3037 372 3088 si
397 3054 444 3106 per
468 3053 525 3091 auro
542 3037 608 3108 ipsis
625 3039 795 3102 redderentur
812 3052 906 3089 uxoren
923 3052 1009 3088 eornm
1027 3053 1084 3088 cum
1102 3033 1192 3090 liberis

79 3105 115 3158 ab
133 3105 222 3160 Alanis
240 3107 267 3158 in
285 3107 374 3158 urbem
393 3106 495 3160 unisone.
531 3107 596 3160 baec
619 3107 759 3176 imperator
776 3105 898 3166 audiens,
922 3121 978 3158 cnm
997 3105 1074 3159 facile
1091 3105 1193 3158 rideret

78 3173 143 3228 nibil
167 3175 216 3228 sibi
239 3174 285 3228 toli
311 3191 396 3227 rerum
421 3181 492 3228 statu
516 3177 681 3259 expetibilius
705 3193 763 3228 esse
785 3191 862 3244 quern
883 3173 995 3226 imminui
1012 3192 1045 3226 ac
1061 3173 1192 3228 debilitari

78 3245 316 3328 quomodocumque
332 3243 476 3297 cervicibus
493 3244 653 3299 inrnnnentes
667 3245 887 3312 dmogabarornm
904 3243 1001 3312 copias,
1019 3244 1101 3297 bonci
1118 3243 1193 3308 lega·

77 3319 115 3366 trs
132 3313 289 3381 perhumana
313 3329 438 3383 responsa
457 3314 579 3367 reddidit.
613 3313 767 3383 interimque
785 3330 841 3366 cum
858 3311 891 3364 iis
908 3312 1014 3396 suisque
1030 3312 1192 3366 consultabat

77 3397 188 3452 quonam
214 3383 311 3452 optimc
334 3399 367 3435 nc
392 3381 516 3436 citissima
538 3381 613 3436 modo
630 3389 720 3454 posset
737 3382 764 3434 id
781 3379 872 3452 perlici
890 3389 1031 3449 negotium.
1065 3397 1116 3434 non
1140 3381 1191 3432 erit

77 3459 165 3504 autom
188 3449 231 3504 bic
248 3453 295 3504 abs
312 3467 342 3504 ro
360 3467 391 3502 ex
411 3461 484 3505 retro
505 3461 564 3506 acte
581 3469 628 3504 nos
646 3452 767 3506 memoria
783 3450 924 3521 repetendo
941 3450 1070 3520 quidpiam
1087 3449 1190 3512 docere,

77 3535 205 3590 quaenam
222 3521 287 3573 haec
306 3527 334 3573 et
351 3521 424 3574 onius
440 3520 534 3574 Melcci
551 3521 604 3574 filia
620 3521 711 3586 inerit,
728 3520 762 3573 de
778 3537 831 3590 qua
847 3535 915 3572 nunc
930 3518 1031 3572 lsascio
1048 3518 1092 3570 isti
1109 3518 1190 3572 collo-

77 3587 163 3644 canda
180 3591 359 3654 tractabatur,
381 3607 465 3658 qnova
483 3607 544 3644 casu
562 3588 701 3658 contigerit
718 3587 823 3642 educari
840 3605 897 3642 enm
914 3587 940 3640 in
957 3590 1022 3641 nrbc
1040 3587 1118 3639 etad
1135 3602 1191 3638 mo-

76 3674 121 3712 res
138 3659 310 3712 Romanorum
325 3657 435 3712 institui.
468 3659 591 3712 destines
607 3659 652 3712 illo
669 3659 775 3724 Sultsn,
800 3658 900 3727 dequo
918 3654 945 3708 in
962 3655 1094 3726 prioribus
1110 3655 1190 3707 multa

76 3725 151 3790 libris
168 3727 335 3796 scripsimus,
362 3727 470 3782 Persida
487 3729 570 3781 adhuc
586 3727 635 3800 ipsi
653 3729 769 3782 subiecta
790 3733 940 3798 perstante,
964 3731 1099 3795 postquam
1117 3731 1191 3776 ente

76 3797 162 3849 medin
180 3798 297 3850 sublatus
313 3801 389 3866 pater
412 3797 493 3867 ipsius
510 3797 675 3867 Iapbstines,
701 3797 743 3850 cni
767 3796 864 3850 Persae
889 3791 1001 3848 libenter
1024 3791 1191 3857 obediebant,

76 3863 204 3934 gravibus
222 3864 372 3920 commissus
388 3865 588 3922 dimensionibus
605 3872 647 3920 est
664 3883 720 3920 cum
738 3863 880 3920 Rncrntinc
901 3880 947 3916 sno
965 3879 1095 3931 germano.
1129 3877 1192 3914 rer·

76 3934 183 3987 tebatur
199 3935 266 3988 enim
284 3935 353 3988 inter
368 3934 441 4005 ipsos
464 3935 640 3990 controversis
657 3935 692 3988 do
709 3935 873 4005 principatu,
898 3948 972 4001 quem
992 3931 1035 3984 nto
1056 3929 1190 4000 pertinere

75 4003 112 4056 ad
129 4019 159 4055 se
175 4003 333 4057 contendens
350 4003 376 4056 ri
393 4004 471 4059 etiam
489 4005 617 4076 armisque
632 4003 788 4067 vindicabat,
807 4002 941 4065 inclinans,
959 4000 1017 4053 idco
1034 3999 1103 4082 quod
1118 3997 1191 4051 illinc

76 4072 173 4126 auxilia
190 4079 323 4142 speraret,
343 4073 369 4126 in
385 4079 475 4144 partes
493 4075 686 4136 Tocharorum,
710 4071 756 4142 qui
772 4073 825 4124 iarn
842 4069 964 4122 invadere
980 4067 1113 4122 Persrdenn
1131 4083 1191 4122 cca·

75 4149 181 4210 petunt.
215 4143 249 4195 ab
266 4141 307 4196 bis
322 4139 462 4196 instructus
481 4143 562 4214 copiis
579 4160 646 4214 quae
663 4143 741 4196 facile
758 4142 909 4194 sufficerant
925 4139 958 4192 sd
977 4139 1093 4199 tratrem,
1113 4152 1192 4206 prae·

75 4211 165 4264 sertim
189 4209 359 4282 imparatum,
384 4213 592 4282 opprimendum,
616 4219 672 4265 tcto
689 4211 716 4264 in
733 4227 790 4265 eum
814 4210 908 4261 ruebat
929 4207 1043 4278 impetu,
1071 4205 1136 4260 adeo
1160 4213 1191 4258 nt

75 4280 198 4333 Asntines
214 4297 319 4337 snorum
337 4281 446 4335 bostium
461 4283 533 4349 νίσι,
550 4279 685 4337 cdemtatc
701 4297 769 4352 quac
786 4293 888 4334 cursum
908 4293 1008 4330 omnem
1023 4289 1096 4330 snum
1113 4291 1192 4347 pras-

118 4359 253 4430 Gcorgius
275 4359 447 4430 Proclamares
468 4361 509 4415 11.
936 4353 979 4416 89
