2774 4784
364 347 368 358 .
449 291 526 362 un.
551 291 595 362 11.
645 291 797 360 NOTAE.
1093 291 1168 364 765

75 458 128 523 sul
142 457 237 532 αἶπος
250 450 301 521 ded
321 451 379 537 νὴν
395 453 506 520 lonensi
519 455 633 520 duellos
650 451 781 538 γεγονὸς
793 450 918 520 πάντων
934 456 1066 535 desuda
1086 460 1171 518 ἰεαπι

72 543 252 624 trophaeum
264 543 409 619 refirme,
431 544 487 621 qui
500 553 618 622 tergum
630 543 720 601 vertit
731 540 885 618 dostibue,
908 552 936 599 et
949 537 1120 620 causosuit
1132 545 1170 604 ob

70 649 164 690 suam
180 630 342 709 ignaviam
361 631 498 686 omnium
518 627 687 686 malorum!
714 626 853 688 alludunt
874 627 948 686 hoec
970 628 1170 708 turpissimum

70 713 221 774 Michaelis
241 721 270 772 et
286 712 382 772 totius
396 712 522 770 Romani
540 712 688 771 exercitus
704 711 737 770 iu
751 712 815 791 ipso
829 713 987 792 procinctu
1001 714 1104 792 proelii
1122 715 1172 776 lu-

69 819 154 878 gsm,
176 799 311 878 superius
322 797 580 863 nerret'mldc
596 801 645 863 18.
881 835 884 850 ι
1139 825 1144 836 ·

73 969 120 1028 en
140 878 1174 1049 „¹1³ciliciilonii'iss‘iciiu‘fffflffld'indii,lile

71 1048 108 1118 sd
130 1048 314 1134 Ἀμμόριον,
342 1052 428 1114 iuxta
448 1071 524 1131 quoe
544 1051 729 1112 Ammonium
753 1051 955 1112 videturesse
974 1052 1033 1111 loci
1055 1072 1173 1124 nomen,

72 1139 105 1198 in
131 1157 219 1216 quem
241 1157 272 1195 se
293 1137 424 1216 Alisyres
448 1139 547 1197 victus
571 1147 602 1196 et
627 1137 743 1197 saucius
760 1137 916 1217 receperit.
962 1135 1015 1195 sed
1039 1147 1174 1216 praeter-

73 1243 164 1302 quam
186 1222 267 1301 quod
289 1223 401 1282 mentio
428 1243 490 1282 non
511 1231 594 1281 extet
613 1223 688 1283 ercis
703 1231 757 1281 sut
770 1223 878 1303 oppidi
892 1221 935 1281 sic
956 1221 1029 1282 dicti
1049 1241 1103 1301 per
1117 1221 1173 1281 lios

62 1311 203 1383 temtus,
223 1307 256 1367 id
272 1307 353 1366 credi
376 1316 460 1367 vetut
478 1309 540 1387 ipse
552 1305 746 1386 Pechymeres
767 1327 792 1366 c.
809 1310 851 1374 26
864 1307 1014 1367 affirmans
1026 1306 1174 1386 Alisyrsm

74 1413 113 1451 ex
135 1394 203 1472 luge
221 1413 252 1452 se
272 1393 415 1472 recepisse
435 1393 593 1472 Tripolim,
625 1411 714 1470 quum
734 1393 840 1452 urbem
861 1393 944 1471 prius
965 1401 1172 1472 occuparent.

75 1485 120 1536 est
134 1477 251 1556 ssepius
266 1497 357 1557 supro
369 1487 400 1536 ot
409 1478 487 1538 inire
503 1487 685 1538 memoratus
696 1478 728 1536 in
744 1477 801 1538 hec
811 1475 934 1537 historie
951 1477 1015 1538 dux
1028 1477 1173 1537 burburus

74 1561 224 1622 Amuriue.
267 1563 338 1622 hinc
352 1573 397 1622 est
410 1563 483 1623 milri
502 1564 624 1624 suborto
638 1562 766 1642 suspicio
780 1562 881 1622 suendi
893 1563 925 1621 in
942 1561 1001 1622 huc
1016 1563 1173 1642 scripturn,

73 1645 341 1727 Pechysneremquo
354 1647 501 1728 scripsisse
511 1669 578 1709 ,non
591 1646 665 1728 πρὸς
678 1644 713 1711 τό
729 1648 781 1708 sed
794 1645 848 1710 τόν
866 1642 1038 1729 Ἀμούριον.
1080 1647 1172 1725 quod,

74 1733 145 1811 quie
164 1753 203 1792 ex
218 1734 313 1814 priori
332 1733 458 1793 lectione
480 1734 669 1811 consequitur
688 1732 840 1812 quippiam
858 1732 1047 1810 Pochymeris
1065 1751 1173 1792 nerra-

73 1817 149 1877 tioni
162 1819 356 1894 contruium,
378 1819 649 1894 utdemonstrevi,
669 1818 889 1880 emendandum
904 1819 1018 1898 putori,
1038 1837 1074 1877 eo
1086 1837 1175 1896 quens

74 1903 159 1964 innui
174 1903 265 1963 modo
274 1901 313 1977 ²).

158 2007 188 2068 p.
201 1986 264 2053 454
279 2006 311 2050 ν.
326 1989 347 2049 2
362 1982 445 2049 ,νννᾶ
462 1988 596 2068 ποίησιν.
638 1987 738 2047 allusit
751 1985 826 2046 hoec
841 1986 998 2047 scribendo
1010 1986 1175 2066 Pachyme-

75 2091 124 2132 res
134 2073 235 2134 varios
249 2071 338 2132 simul
351 2072 476 2132 miscens
487 2072 609 2132 Homeri
622 2072 712 2147 locos,
727 2073 856 2150 primunr
869 2073 954 2131 illum
967 2073 1049 2135 llied.
1062 2080 1088 2134 θ
1102 2073 1176 2136 185;

282 2153 367 2236 deseri
382 2153 416 2220 di
432 2154 509 2235 φλόξ
525 2149 602 2239 ὦρτο
615 2159 721 2221 θεείου
734 2156 918 2238 καιομένοιο.

75 2239 184 2302 deiude
201 2239 287 2301 illum
299 2259 338 2300 ex
351 2241 475 2321 iliodop
492 2246 571 2308 216:
620 2265 623 2276 ·

281 2325 356 2406 pire
369 2320 403 2387 d’
418 2325 482 2408 ἴαχε
492 2323 657 2401 θεσπιδαὲς
670 2331 742 2410 πῦρ.

76 2409 157 2470 uude
176 2409 265 2472 etiem
282 2411 334 2470 illu
353 2412 443 2492 poulo
464 2411 599 2493 superius
617 2412 710 2474 verbs
730 2405 849 2490 ἐφόσον
871 2407 976 2492 λογίως
997 2418 1176 2490 sumpserat:
1205 2461 1208 2482 ἱ

77 2496 172 2576 pergit
183 2497 261 2556 euim
274 2495 317 2556 ibi
328 2501 419 2574 poietu

181 2576 345 2661 παννύχιοι
358 2577 390 2644 d'
412 2577 471 2662 ἄρα
482 2582 563 2664 τοίγε
576 2586 676 2666 πυρῆς
692 2574 803 2661 οἷμοδὶς
820 2572 907 2663 φλόγ’
927 2579 1052 2661 ἔβαλλον

182 2671 357 2744 φνοοοῖννες
372 2666 483 2749 λιγέως.

77 2751 184 2828 quibus
198 2759 228 2809 et
241 2751 322 2812 istud
333 2752 473 2813 ultimum
490 2751 527 2814 de
543 2751 636 2829 sumo,
657 2752 707 2812 vel
720 2771 759 2810 ex
772 2769 826 2811 suo
840 2748 1033 2830 quonamve}
1050 2765 1088 2806 ex
1101 2746 1178 2806 slte-

76 2836 140 2896 rius
153 2835 228 2895 mihi
240 2857 323 2898 nunc
337 2857 399 2898 non
410 2839 612 2898 succurrentis
625 2839 703 2897 vetis
719 2843 855 2916 ροὸοιιιο
869 2835 1001 2898 addidit..
1179 2835 1184 2854 '

160 2921 250 2981 Libro
271 2932 357 2982 sexto
376 2933 493 3002 praeter
505 2942 619 2982 morem
633 2921 829 3001 Pochymeres
843 2921 1021 3002 peculiarem
1039 2915 1179 2996 praefixit

76 3003 249 3084 prologum,
270 3010 321 3084 qui
336 3016 438 3068 tumen
455 3009 518 3068 sine
531 3007 654 3087 proprio
673 3008 763 3067 titulo
777 3007 810 3066 in
823 3007 973 3067 codicibus
986 3013 1032 3064 est
1046 3023 1114 3063 cum
1127 3021 1177 3062 ce-

77 3088 141 3168 pite
158 3095 174 3154 1
187 3091 342 3152 'confusus
385 3113 438 3173 ego
457 3092 699 3172 distinguendum
719 3093 833 3173 putavi.
875 3112 967 3171 porro
986 3110 1048 3150 non
1070 3107 1179 3168 porum

77 3173 276 3234 loborsndusn
296 3177 355 3237 fuit
370 3179 402 3238 in
425 3179 597 3240 extricsude
612 3179 765 3256 nitidoque
784 3176 963 3238 declaranda
980 3175 1110 3236 auctoris
1128 3173 1179 3234 hic

78 3259 243 3337 proesentis
255 3264 411 3338 sententie,
424 3283 512 3342 quum
524 3273 554 3322 et
567 3265 731 3344 percepisse
744 3281 792 3322 me
805 3273 837 3322 et
848 3264 919 3336 satis
931 3263 1090 3342 explicasse
1104 3279 1179 3319 con-

78 3343 151 3406 lido.
194 3363 282 3404 ceusu
297 3348 382 3409 istim
400 3350 432 3409 in
451 3349 659 3430 proloquendo
677 3349 819 3411 novitatis
839 3350 945 3430 opinor
963 3349 1068 3424 luerit,
1096 3342 1180 3423 quod

150 3548 175 3616 ⁸)
192 3547 270 3611 Quod
285 3546 377 3618 scripsi
393 3565 443 3602 non
458 3547 567 3621 reperiri
584 3565 632 3619 per
641 3553 742 3602 tructus
753 3549 895 3603 Orientalis
910 3545 997 3600 linitis
1013 3543 1114 3614 imperii
1129 3544 1184 3612 By-

79 3615 178 3669 mutini
194 3616 291 3682 locum,
309 3619 354 3687 qui
371 3627 479 3674 vocetur
489 3617 652 3684 Anemurium,
671 3635 701 3671 re
717 3619 805 3672 melius
822 3616 983 3671 considente
999 3630 1065 3668 nnnc
1081 3629 1185 3668 revoco.
1308 3647 1312 3660 .

78 3685 164 3738 iuveni
182 3685 248 3740 enlin
265 3687 419 3770 spud'l'lieo
439 3689 527 3744 lienem
544 3705 572 3810 ρ.
589 3689 640 3743 291
655 3696 683 3740 et
699 3691 750 3744 292
767 3688 808 3742 ed.
826 3689 893 3755 Reg.
910 3686 1024 3766 itemque
1039 3682 1187 3763 spodheo·

78 3769 137 3810 nem
155 3754 353 3810 (incrusurum
371 3775 397 3826 ρ.
413 3707 466 3812 dte
491 3757 545 3812 eius
562 3777 601 3812 em
619 3755 753 3824 editionis,
779 3756 932 3810 luculentum
949 3759 1099 3806 mentionem
1115 3750 1188 3805 urbis

78 3821 192 3876 munitse
203 3825 335 3878 Assorinos
346 3835 463 3892 vocstoe,
480 3825 596 3896 sitneque
612 3824 638 3878 in
655 3823 687 3878 iis
722 3824 829 3892 artibus,
848 3823 919 3876 cuius
936 3822 1013 3874 etiem
1025 3821 1188 3874 Ptolomeus

79 3889 227 4015 sitepqipit:⁵
243 3911 324 4014 spiere
346 3895 431 3947 luteos
453 3905 504 3948 nou
525 3903 599 3948 recte
619 3911 690 3947 emen
708 3903 778 3948 stum
801 3911 818 3946 o
840 3909 881 3945 me
902 3890 982 3944 luisse
1000 3887 1188 3960 Psehymsrem

79 3975 108 4030 p.
178 3977 202 4012 v.
238 3979 255 4015 u

80 4047 130 4083 *αὖ
148 4029 220 4096 1069
238 4029 270 4090 vd
286 4028 427 4103 Ἀμόριον,
444 4033 596 4103 simpliciter
611 4033 692 4088 fnisu
706 4033 847 4087 menduc
862 4029 933 4083 cessit
950 4028 1089 4081 Amorion.
1122 4037 1182 4082 uem

80 4098 131 4179 hpe
153 4115 204 4154 non
224 4099 332 4156 incdit
354 4102 487 4173 quominus
514 4119 602 4156 serum
623 4119 680 4156 esee
700 4102 846 4173 potuerit,v
872 4097 923 4152 uod
939 4114 966 4168 ρ.
982 4095 1034 4152 435
1050 4115 1076 4151 r.
1095 4098 1127 4151 11
1145 4097 1183 4152 eit

79 4163 226 4246 Ῑψῑοῐίοον,
273 4167 368 4238 'mem
384 4171 549 4242 seTripolim
566 4170 703 4254 recepisse.
736 4170 807 4242 prius
823 4117 922 4221 scilieet
938 4183 1015 4238 quem
1031 4166 1058 4218 in
1074 4166 1123 4218 hoc
1141 4165 1182 4220 ul·

82 4237 172 4286 hmum
290 4255 331 4292 nm
347 4241 521 4310 pervenissem
536 4241 645 4309 Amorir,
661 4255 729 4310 quue
746 4239 801 4293 fide
816 4236 866 4310 ipsi
882 4237 944 4290 urbs
960 4241 1021 4290 tnnc
1037 4243 1105 4301 urst,
1120 4251 1182 4304 per·
1288 4283 1290 4288 .

80 4309 240 4372 ”quendum
321 4309 407 4364 obitu
421 4308 603 4365 dscdusserst'
627 4377 629 4382 ρ
771 4317 773 4322 ·
1105 4327 1107 4336 ·

273 3963 282 4015 i
299 3978 346 4033 pro
360 3958 533 4033 νὸΑμόριον.
545 3963 649 4036 reposui
661 3961 711 4018 τὸν
723 3960 876 4031 ⁸Apsoriosov.
898 3963 933 4013 ‘et
943 3959 988 4012 ills
1001 3961 1097 4012 sorbes
1112 3956 1187 4026 ἔριν-
