2880 4868
315 289 372 359 DE
395 289 644 360 ANDRONIGO
668 287 949 357 PALAEOLOGO
974 289 1013 355 L.
1035 289 1093 357 ΠΙ.
1171 291 1246 362 223

149 462 218 531 δέον
239 459 457 549 ἀνδρίζεσθαι,
490 457 534 537 ὥς
561 465 617 547 τῆς
645 457 742 545 ἥττης
763 455 894 544 Ιχοάσης
911 461 963 526 καὶ
981 459 1132 528 ιιίνάονον.
1183 464 1247 531 δεῖν

147 570 167 634 ιλ
175 567 185 593 ’
204 561 280 633 εἶναι
294 567 347 634 καλ
366 564 441 642 coeio
453 561 639 641 ἀντιπάλους
654 559 830 644 τοιοάτοος,
858 559 1184 652 delherimontis*
1196 591 1247 632 ιιι-

147 663 254 758 φιιλάς
275 669 437 754 γίνεσθαι·
464 666 544 734 ἀλλά
567 667 743 751 ξυμβαίνειν
767 665 811 750 μὴ
836 661 1085 743 τέναιτοιοάτοος
1102 668 1135 745 έξ
1150 665 1286 753 ἀναν-0

41 771 56 788 ‘
149 774 260 853 ναίων,
287 773 339 838 καλ
357 767 494 854 μάλισθ’
519 767 567 838 ὅτι
591 770 735 852 πολέμοις
759 769 919 856 ἐμφυλίοις
937 765 1031 853 ὅμάσι
1049 778 1160 856 χωρεῖν
1175 771 1247 838 oid'

122 876 253 948 suillum
269 873 306 940 τὸ
320 871 479 961 παράπαν.
532 872 608 958 έγνοι
627 879 701 959 γοῦν
723 870 824 950 ἀλλοις
840 870 882 937 cd
893 868 1060 960 πράγματα
1074 878 1247 956 μετελθεῖν,

149 980 200 1046 eol
212 973 326 1066 θράοει
338 979 390 1043 roni
404 973 519 1061 πλήθει
531 978 583 1042 καλ
595 971 762 1065 παραλόγῳ
776 969 952 1062 φρονήματι
965 971 1000 1040 ’έν
1015 973 1196 1060 ἀντιστῆσαι
1210 977 1247 1046 τὸ

147 1082 287 1167 μέγιστον
301 1075 441 1159 οάνεοιν,
469 1075 512 1156 ὥς
525 1078 601 1156 ἴσοις
612 1078 696 1146 ciant
710 1080 762 1144 καλ
777 1073 931 1156 έξανιίοιον
946 1076 1003 1144 ιάν
1018 1075 1054 1144 oi
1068 1076 1104 1144 τὸ
1122 1073 1248 1161 οάμπαν

148 1180 227 1250 ἀλλά
243 1208 274 1249 τι
289 1185 341 1248 aui
353 1175 490 1266 μεριιιάν.
540 1185 592 1248 καλ
612 1180 723 1248 aicta
747 1180 863 1248 στέλλει
886 1181 943 1263 μίν
956 1179 1031 1258 eoric
1046 1177 1250 1266 ἀνρελοῦντας

148 1286 184 1353 τι)
198 1285 323 1370 σομβάν
340 1285 420 1372 πρὸς
430 1283 640 1372 τὸνβασιλέα,
668 1284 785 1352 στέλλει
798 1282 833 1349 d’
849 1284 882 1350 έν
898 1279 1087 1372 ἀπορρήτοις
1100 1285 1151 1350 καλ
1167 1282 1245 1370 πρός
1260 1308 1285 1362 n

108 1393 317 1466 totocorde
341 1392 524 1475 Κρητικῶν,
553 1385 609 1464 oric
633 1384 700 1474 ᾔδει
720 1388 909 1467 ἀσκοῦντας,
944 1377 988 1454 ὧν
1016 1383 1033 1453 ὅ
1063 1382 1248 1474 Χοριάτζης

150 1491 334 1580 προέρεριν,
361 1489 534 1577 ἀμνηστίαν
546 1515 579 1558 τε
593 1496 695 1558 κακῶν
714 1489 802 1578 πορά
814 1495 872 1558 τον*
886 1494 1075 1580 κρατοῦντος
1089 1492 1178 1578 σφίσι
1196 1517 1248 1577 ye-

219 1707 246 1760 2
262 1705 328 1770 icoo
344 1704 377 1760 Ρ.
479 1708 506 1762 6.
523 1702 685 1778 ἀντιστῆναι
700 1708 732 1763 Ρ.

148 1893 224 1931 veruo
241 1876 389 1930 Philantluro
438 1873 563 1943 incorum,
579 1877 671 1932 nedum
687 1877 738 1932 vinr
755 1882 835 1950 atque
850 1876 979 1932 lucurauro
994 1875 1074 1934 laturi
1090 1877 1247 1952 riderentur.
1356 1929 1357 1932 ,

148 1953 225 2017 atque
239 1946 285 2012 id,
303 1945 356 2000 etia
420 1947 518 2001 numeri
533 1947 612 2001 τοίίον
628 1949 766 2002 baberetur
780 1947 862 2012 ratio,
886 1965 934 2000 nec
968 1945 1086 2017 uidqnaur
1103 1949 1249 2004 extraordi-

148 2017 236 2069 nariae
250 2015 410 2069 forunuine
424 2016 453 2070 lu
467 2016 502 2068 iia
519 2016 694 2085 cogitamur,
710 2032 774 2087 quoa
789 2015 858 2069 ultro
874 2032 954 2086 agore
981 2021 1054 2070 entea
1069 2031 1124 2070 reru
1140 2019 1249 2073 maxine

149 2082 337 2138 lormidoloaam
354 2089 381 2138 et
396 2083 514 2149 aduam,
529 2085 602 2138 boci
622 2101 651 2138 ao
667 2102 747 2154 cupra
762 2084 861 2138 modum
878 2087 989 2136 audacer
1005 2083 1075 2136 etin
1091 2085 1172 2154 primo
1189 2103 1249 2140 oer-

148 2153 243 2206 tamine
264 2157 346 2206 totam
369 2161 566 2238 exprompturoa
608 2153 758 2207 erodtutem
781 2151 912 2207 temerarii
935 2168 986 2221 quo
1016 2159 1122 2206 ruerent
1145 2153 1251 2220 turonio,

149 2228 221 2275 certo
237 2221 345 2274 deberet
359 2231 506 2292 ατροαιτι,
530 2222 621 2276 utine
645 2239 703 2276 cum
727 2228 797 2276 eaaet
816 2220 880 2293 ipaia
900 2221 1130 2292 perepectim'num
1152 2230 1249 2293 quanto

149 2306 196 2342 auo
212 2289 325 2360 periculo
341 2291 430 2360 primia
447 2239 626 2360 cougreaeiiua
641 2291 813 2346 vincerentur.
847 2291 937 2364 itaque
956 2305 1012 2343 curn
1023 2289 1161 2344 uuireraitn
1176 2291 1250 2347 iuxta

147 2360 220 2428 legea
245 2357 391 2428 diariplinae
413 2359 529 2414 militaria
553 2359 666 2414 oliicinru
683 2359 781 2431 providi
805 2358 878 2413 ducia
894 2358 930 2411 rit
952 2375 1081 2428 nunquam
1097 2359 1208 2414 obiicere
1223 2361 1251 2414 in

148 2427 284 2482 diacr'imeu
301 2427 434 2498 aleauuqne
454 2428 544 2500 praelii
567 2429 708 2482 exercitum
730 2435 834 2483 nuruum
854 2433 882 2481 et
904 2443 998 2497 genem
1015 2427 1127 2497 capitum
1144 2445 1195 2483 nou
1211 2434 1253 2485 ta·

148 2495 197 2550 leru
214 2496 259 2567 qui
276 2496 394 2550 boatibua
409 2506 500 2552 contra
516 2497 625 2552 obiectio
646 2514 694 2567 par
716 2500 818 2552 iuturna
834 2495 989 2550 sustinendis
1005 2496 1176 2551 veriaiuniliter
1191 2516 1252 2569 ape-

148 2576 236 2629 retur,
257 2567 420 2620 neutrarum
445 2583 503 2621 eaae
525 2573 622 2637 quanta
643 2583 691 2621 aua
712 2566 883 2639 imprudentia
906 2565 1026 2620 ordinare
1042 2566 1070 2619 in
1086 2584 1176 2650 canpe
1192 2585 1252 2622 cer·

148 2633 290 2704 taninique
307 2633 404 2689 offerre
420 2651 485 2706 quaa
501 2635 621 2689 ductaret
636 2635 721 2706 copioa
738 2634 861 2700 auderet,
877 2651 944 2706 quae
959 2651 1008 2688 neo
1024 2635 1186 2690 multitudine
1201 2653 1251 2706 pe-

147 2720 189 2756 rea
205 2720 253 2756 neo
270 2702 362 2758 animia
383 2721 414 2757 ac
431 2705 598 2774 pugnacitate
613 2705 796 2773 comparabiles
811 2703 918 2758 boeticia
933 2704 1027 2768 iurent,
1042 2710 1070 2757 et
1085 2721 1189 2758 numero
1205 2721 1249 2759 au-

148 2771 291 2842 parinribua
318 2778 346 2825 et
370 2772 443 2826 rabie
458 2773 569 2844 quadarn
587 2790 620 2826 ac
635 2772 821 2843 deaperatiouia
836 2773 959 2826 inatinctu
977 2781 1115 2826 extremm
1131 2773 1251 2828 vincendi

148 2841 334 2894 contentionem
369 2843 432 2895 rima
448 2841 540 2912 quaria
555 2842 691 2896 oocaaione
705 2842 863 2896 adhibituria.
895 2841 1037 2895 accedebat
1049 2842 1117 2912 quod
1129 2842 1169 2894 aui
1184 2860 1251 2896 nun·

147 2909 1150 3050 convinciunt:„introiturum

148 3061 206 3100 rum
221 3063 273 3100 aua
295 3065 352 3102 oum
378 3048 466 3103 Peraia
489 3053 517 3102 et
539 3047 596 3102 aliia
620 3048 785 3103 auxiliaribus
808 3048 916 3103 caeteris
938 3046 1063 3102 nentium
1088 3047 1115 3101 ln
1137 3057 1248 3118 noatroa,

149 3119 327 3185 praeterquam
345 3117 494 3186 paucioree,
511 3117 589 3172 etianr
605 3117 788 3172 inundetur
803 3116 916 3172 terenda
930 3114 1074 3171 iucursibua
1090 3117 1147 3187 pari
1164 3134 1250 3172 noum

148 3199 277 3236 armornm
296 3203 392 3255 geum
416 3187 553 3252 utendum,
578 3186 637 3257 quia
660 3204 711 3241 non
734 3186 823 3242 videet
837 3185 1025 3240 ineluctabilem
1046 3184 1168 3256 inpetum
1184 3188 1250 3254 lore,

149 3251 298 3322 clademque
313 3271 345 3308 ac
359 3254 557 3310 internecionem
580 3255 692 3310 ultiman
707 3255 768 3310 inde
781 3261 854 3310 certo
870 3263 1016 3310 remman
1033 3255 1179 3320 exercituo,
1197 3273 1250 3326 quo

149 3337 201 3376 uno
225 3321 349 3376 niteretur
372 3341 433 3394 aper
455 3330 518 3378 tuuc
541 3324 660 3380 univerae
683 3325 774 3380 aalutia
795 3325 895 3395 inperii
917 3341 949 3378 ao
972 3324 1145 3394 reipublicae?
1170 3324 1252 3393 igitur

148 3389 225 3444 aliam
249 3392 350 3446 omuino
373 3410 391 3446 a
416 3393 589 3447 comuniaaioue
614 3411 739 3448 armornm
758 3393 916 3465 audaciaque
942 3392 1094 3461 confligendi
1116 3393 1251 3448 ineundam

147 3459 199 3513 noi
220 3475 278 3514 τινα
302 3461 365 3515 belli
388 3461 464 3515 buiua
488 3462 679 3516 administrandi
700 3461 833 3517 rationem.
868 3471 926 3517 arte
948 3478 1038 3533 nempe
1060 3480 1092 3516 ec
1115 3462 1251 3533 prudentia

147 3529 331 3596 ιτατιιαάοιι
355 3547 414 3584 uam
436 3532 501 3586 haec
522 3531 639 3586 machina
659 3530 774 3586 ferociae
794 3530 947 3596 multitudini
964 3539 992 3584 et
1013 3531 1150 3585 temerario
1171 3532 1253 3586 furori

148 3613 199 3652 uua
214 3598 311 3652 utiliter
327 3600 472 3670 opponitur.
506 3606 534 3654 et
556 3601 614 3671 quia
637 3599 688 3654 acit
712 3617 746 3655 an
772 3619 823 3656 non
838 3609 921 3656 τέτατο
980 3605 1023 3653 ate
1039 3600 1162 3654 debellem
1178 3613 1254 3671 queur

147 3665 235 3720 Marte
258 3677 349 3738 aperto
372 3670 471 3724 truatra
494 3669 641 3724 uniamur?
670 3669 743 3740 atqul
766 3670 789 3724 ri
816 3670 899 3726 minua
918 3717 919 3722 ,
937 3668 1097 3735 ολιολλιιτοτο,
1122 3677 1254 3740 totamque

146 3733 222 3788 iatam
244 3737 420 3792 formidandae
445 3736 561 3792 coitiouia
582 3738 673 3794 molem
695 3755 746 3793 uuo
770 3739 842 3793 velut
864 3741 919 3793 ictu
934 3739 973 3793 aie
990 3736 1123 3803 deiecem,
1147 3754 1254 3805 operare

149 3810 220 3857 certe
239 3804 303 3860 licet
325 3814 427 3875 partem
449 3807 505 3861 eiua
529 3824 570 3862 me
592 3815 756 3877 carpturum,
778 3815 806 3862 et
827 3809 956 3864 derueudo
980 3807 1076 3878 aliquid
1094 3808 1126 3860 de
1143 3805 1252 3873 cumulo,

148 3872 217 3943 qnod
242 3875 385 3942 aupererit.
407 3876 516 3930 debiliua
540 3876 691 3947 faciliorque
717 3882 840 3948 ruperatu
861 3878 1028 3932 redditurum.
1060 3877 1099 3931 ita
1119 3871 1254 3928 aubduotia

148 3940 291 3996 rationibua
313 3943 412 3998 coneilii
437 3945 500 4000 duoa
523 3945 629 4015 expedit
652 3963 703 3999 uuo
719 3955 835 4030 tempore
851 3947 917 4001 lidoa
932 3946 1061 4010 nominee,
1081 3943 1190 3998 alterum
1207 3941 1254 4012 qul

148 4011 311 4066 rebellionem
327 4013 536 4084 Pbilautbropeni
552 4025 579 4068 et
594 4015 762 4084 irruptionem
778 4033 806 4070 ru
821 4016 1014 4086 Nymphodoro,
1038 4030 1082 4067 rea
1097 4009 1208 4064 nondum
1225 4010 1253 4066 in

147 4080 206 4134 aula
222 4081 351 4150 cognitur,
366 4083 491 4153 ingratia
506 4083 624 4150 nuntiet,
643 4085 752 4138 altemm
768 4085 813 4155 qui
827 4085 954 4168 primorea
972 4083 1131 4137 Cretenaiuur
1147 4079 1254 4134 Pluilau-

148 4147 272 4218 tbrepeno
287 4151 451 4206 militantium
475 4159 503 4204 et
525 4151 619 4207 ln-bia
637 4152 803 4223 praecipuum
827 4171 939 4227 rpaornur
956 4153 1022 4206 clam
1038 4168 1055 4203 a
1071 4165 1102 4203 aa
1118 4147 1255 4204 conveniat

148 4214 315 4274 Chortataen.
349 4217 400 4274 illia
421 4220 520 4276 indicet
540 4221 657 4292 polliceri
673 4221 838 4276 Libadnrium
860 4230 889 4276 et
905 4221 1011 4293 polliciti
1027 4218 1104 4272 idern
1122 4217 1255 4272 auuofiaai-

145 4301 189 4340 mo
205 4285 369 4345 iurcimaudo
384 4289 521 4346 adatruem
544 4298 688 4362 paratum,
703 4307 762 4347 aeae
782 4293 845 4362 ipaia
869 4293 902 4346 ab
919 4293 1036 4360 Auguato
1058 4287 1254 4359 impetraturum
