2774 4784
365 295 446 368 uu
468 293 525 366 ut.
548 295 933 384 uutonoaoersus.
1125 296 1200 372 tar

94 465 239 546 reperisse
249 464 411 543 intrsqnss
419 461 598 528 htbaauisss
610 461 979 542 panormeorum
990 462 1099 544 scripta
1111 477 1202 541 quse-

95 551 165 614 dsm
183 549 365 626 incluserat,
382 559 475 630 prout
491 549 571 610 idem
585 558 766 616 nmrsvmat
780 569 808 614 e.
823 552 867 614 22
880 553 967 614 ΜΒ
989 548 1010 608 l.
1022 552 1053 612 2.
1094 547 1142 608 bis
1160 550 1202 610 sic

94 637 219 718 prolatis
236 633 348 696 chartis
360 635 516 698 turbatum
539 633 730 698 vehementer
741 633 948 696 Andronicum
969 633 1060 694 nassa
1075 643 1202 714 propter

93 730 292 784 memoratum
309 719 371 781 illie
388 719 547 782 sna-thema
564 721 603 780 ab
622 719 783 782 Athanasio
797 720 946 782 intortum
959 719 992 780 in
1009 718 1201 780 adversantes

92 808 165 878 sibi„
200 807 455 885 tuqussltsgssse
469 817 567 870 certos
579 806 715 868 hominen
735 805 775 870 sd
787 804 984 866 Athanasium
1006 801 1152 886 privatim
1170 807 1201 866 in

48 899 50 904 ’
93 891 465 970 manumissionum,
487 892 541 970 qai
562 911 601 952 ex
621 911 657 954 eo
678 892 824 954 rescirent
843 912 882 956 an
899 900 931 952 et
951 911 1012 969 quo
1026 891 1126 952 ammo
1145 891 1203 952 ista

92 979 267 1058 scripsisset.
308 976 355 1038 his
372 996 442 1040 enm
459 977 618 1040 tradidisse
633 979 794 1058 scriptum,
813 976 1101 1056 quo-imperatorem
1121 975 1204 1038 omni
1313 1017 1315 1020 -

93 1063 210 1124 exolvit
228 1063 380 1142 scrupulo.
423 1063 568 1142 scriptum
582 1057 683 1124 autem
698 1063 780 1124 istud
794 1063 885 1122 luisse
905 1062 1111 1142 consignatum
1131 1072 1204 1122 nota

94 1149 237 1229 temporis
252 1147 311 1225 sit,
332 1149 442 1208 mensis
455 1148 565 1227 Aprilis
578 1159 610 1209 et
623 1149 795 1209 indictionis
812 1152 847 1212 11
865 1149 906 1228 (p-
919 1149 982 1214 256
996 1167 1026 1209 v.
1041 1149 1104 1228 18).
1146 1149 1203 1227 igi-

92 1244 144 1295 tur
160 1234 192 1304 id
204 1233 363 1314 'contigerit
376 1255 455 1294 anno
471 1233 580 1294 Christi
597 1239 699 1312 1198,ι
713 1253 773 1313 quo
787 1233 983 1294 carminum
999 1245 1045 1306 eat
1057 1231 1202 1295 indictio-

92 1339 162 1380 nem
180 1323 217 1386 11
232 1319 321 1378 luisse
336 1329 522 1380 numeratam
541 1319 659 1386 Graecis
678 1317 878 1400 aSeptembri
898 1318 968 1378 anni
989 1317 1203 1398 praecedentis,

93 1405 206 1464 Latinis
221 1423 240 1462 a
252 1404 387 1465 kalendis
396 1399 552 1470 lanuariis.
576 1402 654 1465 illud
664 1405 715 1466 hic
727 1405 859 1466 occurrit
872 1403 1104 1480 incommodum,
1120 1403 1203 1481 quod

92 1489 198 1550 literae
208 1491 282 1550 istas
288 1489 443 1554 Athanasii
457 1490 666 1554 declaratrices
677 1492 785 1556 mentis
796 1491 859 1552 eiua
868 1510 970 1552 mense
978 1490 1098 1549 demum
1107 1488 1203 1569 Aprili
1314 1519 1315 1522 ¹

92 1584 163 1656 post
182 1575 385 1637 inventionem
402 1575 575 1638 chartarum
595 1578 838 1638 absconditarum
853 1576 1201 1654 octavoconsignentur,

93 1681 162 1722 cum
177 1669 243 1722 tota
257 1664 392 1722 narratio
407 1661 543 1724 historici
557 1661 742 1726 demonstret
761 1663 857 1722 multo
873 1661 995 1722 brevius
1008 1661 1139 1741 spatium
1151 1659 1201 1718 in-

91 1746 258 1807 tercessisse
278 1748 358 1806 inter
371 1748 545 1828 scrupulum
565 1749 710 1808 insertum
727 1758 756 1808 et
771 1747 906 1808 evulsum
921 1747 1019 1807 animo
1038 1747 1203 1826 imperato-

90 1832 141 1892 ris.
186 1831 308 1892 omnino
330 1832 421 1892 credo
438 1834 580 1894 mendum
600 1833 729 1902 hicesse
744 1833 774 1894 in
792 1827 910 1914 duobus
930 1833 1061 1910 alioquin
1081 1832 1201 1912 optimis

92 1915 244 1976 codicibus
257 1915 446 1995 Pachymeris
460 1920 484 1984 B
498 1911 567 1982 ste
581 1919 693 1986 diserta
702 1917 881 1984 habentibus
895 1915 967 2000 μηνὶ
980 1911 1148 2000 Ἀπριλλίῳ,
1170 1925 1201 1976 et

91 2002 174 2082 apud
192 2021 287 2062 unum
301 2001 478 2080 Vaticanum
494 2023 598 2066 veram
613 2003 703 2076 huius
718 2003 775 2064 loci
790 2012 894 2063 extare
914 2002 1077 2068 lectionem.
1119 2003 1152 2061 in
1165 2020 1201 2062 eo

90 2088 170 2148 enim
188 2087 298 2166 legitur
318 2075 393 2168 μηνὶ
407 2090 604 2172 Σεπτεμβρίῳ
619 2085 808 2164 &decessione
824 2083 874 2162 ssi,
896 2085 955 2146 hoc
975 2095 1018 2146 est
1033 2109 1131 2146 mense
1143 2081 1202 2145 Sess

86 2171 220 2254 ptembri
237 2171 418 2235 indictionis
440 2180 488 2240 11.
510 2173 692 2254 Septembris
713 2175 804 2252 igitur
828 2173 911 2234 initio
931 2173 1004 2248 anni
1024 2167 1092 2231 chr.
1109 2175 1201 2246 1297,

92 2279 152 2338 quo
174 2259 232 2316 iam
247 2259 353 2318 Graeci
375 2259 569 2319 indictionem
587 2264 627 2330 11
646 2279 803 2320 numerare
825 2279 879 2320 suo
898 2278 982 2320 more
1004 2257 1202 2336 occupabant,
1235 2299 1236 2304 κ
1271 2312 1273 2319 ,

90 2351 227 2423 repertae
240 2341 362 2404 chartae
373 2346 446 2420 istae
464 2345 594 2425 fuerint,
615 2355 683 2430 post
695 2366 806 2426 paucos
819 2365 892 2408 vero
908 2343 970 2405 dies
983 2344 1088 2406 eodem
1101 2361 1203 2402 mense

90 2429 196 2488 literae
207 2427 360 2488 Athanasii
379 2451 454 2510 quas
474 2429 614 2492 diximus,
626 2431 820 2512 conmnptae
862 2430 1042 2502 ,scitantem
1059 2431 1085 2500 5⁸
1105 2448 1201 2500 ⁸1¹¹¹t1⁵

90 2513 213 2575 Cocum
223 2513 446 2598 patriarchatus
458 2525 593 2596 quartus.

419 2679 829 2818 ¹carust.

91 2871 142 2948 De
162 2869 254 2934 lunae
268 2839 433 2950 desectione
453 2873 546 2943 totali
564 2873 830 2953 Constantinopoli
850 2875 921 2946 visa
935 2825 986 2937 die
1002 2863 1042 2940 14
1056 2867 1201 2946 Ianuarii

134 2975 216 3016 asmo
233 2957 352 3018 Christi
370 2963 469 3038 1302,
490 2980 587 3046 quam
607 2957 752 3026 describit
765 2957 964 3040 Paclprmerss
983 2955 1041 3030 I,4
1063 2978 1093 3040 c.¹
1105 2959 1158 3022 15.

176 3108 199 3169 l.
240 3111 312 3171 Fuit
320 3112 439 3173 loannis
449 3113 573 3172 Cosmae
584 3112 806 3194 patriarchatus
819 3111 876 3174 elia
887 3131 1007 3190 quoque
1022 3110 1201 3192 conspicuus

92 3191 213 3252 ooelmti
235 3207 324 3273 nota,
345 3217 381 3258 eo
401 3197 452 3261 hic
470 3219 487 3256 a
505 3199 591 3258 nabis
609 3197 822 3280 pertractanda
841 3197 1019 3280 diligentius,
1040 3197 1123 3275 quod
1140 3197 1203 3255 eius

93 3271 291 3342 consideratio
308 3293 446 3362 speretur
462 3283 671 3345 redundatura
692 3285 723 3342 in
745 3283 806 3343 non
827 3285 949 3362 vulgare
968 3284 1203 3342 stabilimentum

92 3361 368 3445 chronologicarum
389 3367 512 3429 huiusce
532 3371 626 3429 totius
644 3369 786 3429 historiae
815 3370 975 3430 rationum.
1024 3370 1092 3428 loco
1105 3361 1198 3424 modo
1217 3371 1239 3427 Ρ
1257 3368 1309 3429 ato

90 3450 243 3527 indicato,
275 3454 473 3534 nimirumnp.
496 3459 559 3520 806
582 3476 612 3518 v.
635 3459 671 3529 3,
709 3455 812 3514 scribit
835 3463 938 3516 noster
963 3454 1125 3516 historicus
1148 3470 1202 3510 co-

91 3535 160 3604 dem
174 3557 254 3600 anno
268 3540 354 3600 cuius
370 3550 439 3622 post
452 3541 671 3618 aequinoctium
686 3542 859 3606 autumnale
874 3549 988 3602 comete
1003 3536 1201 3618 praecedente

86 3623 189 3702 moise
201 3625 368 3704 descriptus
385 3636 583 3706 apparuerat,
604 3627 741 3686 Ianuario
756 3637 896 3688 currente
903 3637 915 3703 ,'
934 3624 1134 3703 cumprimus
1148 3623 1199 3688 tu,—

89 3723 182 3766 naeza
202 3710 365 3770 novilunio
377 3731 547 3790 progressus
564 3713 650 3772 simul
671 3713 804 3772 camillo
823 3709 1108 3787 mensavincepiaset,
1131 3727 1199 3768 eum

88 3793 240 3872 planetam
253 3795 419 3878 plenilunio
433 3798 465 3856 in
483 3798 645 3876 deliquium
659 3799 807 3874 incidisse,
817 3805 910 3877 prout
921 3795 1094 3874 imperatori
1109 3811 1199 3873 prae.-

87 3878 230 3940 dixerant
244 3883 511 3944 astronomicarum
526 3883 615 3962 periti
626 3885 796 3962 rationum,
819 3901 924 3962 nempe
941 3882 983 3941 ita
996 3889 1034 3942 ub
1041 3877 1199 3940 obscurari

88 3965 220 4044 coeperit
243 3968 305 4028 lere
326 3969 414 4028 tertia
437 3971 535 4030 noctis
554 3969 647 4045 bora,
668 3990 686 4028 a
708 3979 802 4050 parte
817 3969 891 4032 dissi
911 3963 1200 4040 iuuarinllrientali,

89 4051 293 4132 paulatimque
308 4073 360 4132 per
375 4055 467 4114 horae
481 4057 611 4136 spatium
626 4056 748 4134 caligine
764 4054 962 4130 subintrante,
985 4071 1108 4132 prorsus
1119 4050 1201 4110 intra

90 4135 229 4196 umbram
242 4137 314 4197 luna
329 4150 395 4200 tota
408 4141 562 4222 absorpta,
583 4141 667 4220 nigra
680 4139 844 4220 perstiterit
861 4137 953 4199 horae
969 4137 1089 4196 triente.
1132 4143 1201 4215 post

90 4220 173 4296 quod
194 4241 346 4285 resumens
367 4227 448 4286 lento
462 4223 638 4307 piogressu,
660 4248 678 4284 a
697 4227 787 4285 limbo
801 4225 875 4284 coeli
891 4225 970 4304 porti
983 4221 1129 4284 Orientali
1144 4221 1202 4282 ob-

90 4321 189 4383 versa,
210 4308 364 4386 perditum
377 4313 489 4392 lumen,
510 4320 576 4372 tota
588 4311 697 4374 sensim
709 4311 786 4372 bora
798 4311 926 4372 tenebris
939 4328 1101 4390 emergens,
1124 4326 1202 4389 pura
