2774 4784
210 273 288 347 730
510 269 747 342 OBSERVAT.
767 270 1003 341 Pacatum

209 449 289 509 inste
303 447 339 506 ac
354 441 565 519 calumniose,
576 439 722 504 concedat
738 441 864 501 crimin·
881 440 1037 520 subiacere
1054 445 1191 504 mammo
1206 441 1313 524 Italas,

209 533 270 594 boc
283 539 329 592 est
343 531 479 590 Latium
495 539 524 590 et
537 529 702 589 Romam
717 527 888 605 sedeciam,
909 547 944 588 eo
961 527 1044 607 quod
1060 548 1168 590 vocem
1177 529 1312 610 filsbque

209 617 383 700 apposuerit
394 615 542 696 symbolo.
583 612 644 674 hoc
655 613 755 673 mam
767 612 825 672 sibi
837 611 956 673 audisse
972 614 984 688 (
989 619 1140 688 nt'senrus
1153 614 1310 676 affectibus

208 702 366 776 serviunt)
388 699 611 761 schismaticum
629 697 824 775 historicam,
839 698 919 758 dam
939 697 1013 760 lanio
1033 697 1126 760 Vesci
1139 710 1173 762 et
1185 721 1309 762 suoram

209 789 393 849 Graecorum
414 783 628 854 concertationi
642 785 816 860 interesset,
835 783 925 843 facila
940 786 1156 852 conesssmimr
1177 784 1308 846 Vaccam

202 885 243 935 're
254 873 325 934 vera
338 872 379 932 its
394 872 534 942 locutum
551 889 638 950 aegra
648 869 783 932 adducar
794 877 830 929 nt
841 869 971 932 medam.
1011 891 1083 930 nam
1094 869 1214 951 prolabi
1232 871 1309 931 sosi-

206 967 311 1040 ptonss
322 953 432 1018 'studio
450 977 487 1017 sc
505 956 609 1017 farore
629 973 735 1016 causae
750 954 912 1036 propriae,
932 957 1103 1036 exemplum
1117 956 1152 1016 in
1169 956 1231 1016 boc
1241 958 1307 1037 ipso

205 1061 347 1125 praesens
365 1042 462 1105 babeo
481 1039 620 1102 Vaticani
642 1037 862 1122 paraphrastis,
886 1039 940 1120 qni
961 1060 1030 1101 cum
1048 1040 1123 1102 haec
1147 1040 1307 1116 dumtaxat

90 1123 92 1128 ’
205 1128 298 1190 modo
312 1147 329 1186 a
343 1128 431 1188 nobis
452 1127 604 1209 descripta
617 1123 845 1206 inl’achynsere
857 1125 992 1206 legisset,
1010 1145 1045 1186 ea
1061 1126 1235 1188 immaniter
1245 1148 1306 1187 ans·

203 1213 343 1296 plilicans
364 1213 545 1274 deformavit
564 1213 599 1272 in
620 1210 704 1272 bunc
728 1210 871 1284 meduane
893 1205 967 1273 itta
990 1208 1062 1285 τέως
1084 1210 1139 1274 aab
1156 1205 1253 1292 μόνον
1272 1207 1305 1276 sd

205 1299 338 1382 ἔγκλημα
352 1293 574 1378 θεραπεύοιτο,
597 1290 635 1362 od
653 1300 717 1362 aaa
733 1289 851 1359 Ἰταλῶν
867 1293 1032 1376 ab'uesow
1051 1295 1164 1361 hainae
1175 1292 1235 1378 ydp
1249 1320 1304 1376 χω-

203 1383 253 1466 ρὶς
267 1389 328 1446 τῶν
342 1379 445 1486 ditior
457 1374 503 1446 als
515 1383 635 1463 ἔχουσιν
647 1381 809 1464 αἱρέσεων,
825 1384 871 1466 roi
879 1385 1027 1462 τολμῆσαι
1045 1377 1143 1460 μόνον
1159 1387 1304 1464 rsooodai-

202 1489 256 1532 stas
269 1471 312 1552 τῷ
329 1470 471 1554 συμβολφ
491 1464 547 1548 τήν
563 1466 660 1543 λέξιν,
682 1464 810 1550 μεγάλης
826 1465 968 1547 αἱρέσεως
992 1461 1115 1541 εἰκότως
1133 1465 1235 1544 ἔνοχοι
1254 1467 1301 1548 yl-

87 1547 89 1552 ’
202 1575 317 1616 vomas
357 1552 417 1613 lroc
437 1561 496 1614 ests
524 1551 579 1611 aed
594 1553 743 1612 lsactenua
764 1551 934 1630 duntaxat,
956 1562 993 1611 ut
1013 1555 1126 1611 crimen
1147 1563 1302 1612 mousom

202 1637 355 1716 (Vaccus)
378 1659 441 1698 non
456 1640 563 1718 utique
580 1635 752 1702 Italorum.-
771 1638 823 1697 illi
842 1640 937 1714 enim,
954 1648 1077 1717 praeter
1090 1638 1177 1696 altas
1189 1637 1303 1718 quibua

200 1732 340 1784 tenentur
363 1723 514 1802 haereses,
541 1723 591 1785 vel
611 1725 675 1784 solo
697 1745 781 1786 ossan
798 1721 969 1806 additionis
991 1722 1124 1802 rynsbolo
1142 1725 1303 1803 appositas

199 1811 296 1870 maius
319 1811 421 1884 vocis,
446 1812 580 1892 iugentia
599 1809 753 1870 haererent
772 1810 818 1868 res‘
839 1811 907 1868 iure
921 1810 1043 1889 peracti
1064 1818 1139 1868 aunt
1157 1806 1301 1874 habmdi.

198 1894 243 1954 ita
258 1894 456 1976 interpolator
472 1893 700 1973 schismaticus,
722 1895 833 1955 oblitus
859 1915 949 1974 quarn
969 1914 1057 1976 saepe
1073 1891 1157 1974 apud
1170 1894 1301 1974 scripto-

198 1997 281 2057 rem,
303 2001 392 2060 quem
413 1979 571 2061 compilat,
591 1981 697 2060 legerit
715 1979 850 2042 Vaccum
870 1999 989 2041 omnem
1006 1979 1139 2060 lapidem
1162 1979 1300 2062 movisse,

198 2063 233 2124 in
246 2085 341 2144 eoque
356 2086 504 2126 summam
517 2087 633 2146 semper
649 2065 871 2126 contentionem
888 2063 1073 2140 adhibuisse,
1094 2073 1129 2124 ut
1148 2064 1301 2128 evinceret

198 2169 295 2238 puros
316 2152 399 2212 omni
418 2150 575 2212 haereseos
594 2149 664 2211 labe
684 2152 806 2228 bannos
824 2169 904 2227 esse,
925 2159 960 2209 ut
982 2150 1051 2208 inde
1073 2149 1200 2210 inferret
1218 2159 1300 2210 recte

196 2235 333 2317 potuisse
353 2237 423 2296 illos
446 2237 481 2294 in
502 2236 741 2296 communionem
760 2255 777 2294 a
795 2234 921 2295 vGraecis
937 2234 1069 2308 admitti,
1089 2233 1207 2294 etiamsi
1222 2235 1299 2294 sorte

195 2339 259 2379 non
279 2320 352 2380 satis
371 2330 536 2401 purgarent
552 2319 699 2382 invidiam
719 2319 922 2380 adiunctionis
943 2318 1028 2380 verbi
1048 2317 1087 2378 ad
1107 2311 1297 2399 symbolnm3

195 2423 293 2482 quae,
319 2412 355 2464 ut
376 2426 493 2466 summo
517 2406 585 2465 iure
607 2415 760 2484 ageretur,
787 2423 874 2466 error
898 2413 1004 2464 contra
1022 2401 1128 2483 dogma
1149 2423 1214 2463 esse
1235 2423 1298 2463 non

191 2495 312 2569 posset,
337 2489 391 2549 sed
407 2499 564 2568 peccatum
586 2490 743 2550 dumtaxat
760 2499 866 2553 eontra
885 2487 1091 2570 disciplinam,
1113 2489 1216 2569 qualia
1235 2485 1297 2548 nod

192 2573 345 2632 inducunt
371 2575 582 2653 obligationem
613 2576 834 2636 communionis
868 2573 1098 2654 abrumpendae.
1138 2583 1179 2634 ut
1203 2573 1297 2652 igitur

189 2657 347 2721 historiam
360 2680 450 2738 quam
468 2659 611 2740 scriptam
626 2680 701 2741 prae
713 2661 808 2721 oculis
822 2658 948 2721 habebat
959 2678 1131 2740 anonymus
1146 2659 1296 2738 epitoma-

190 2754 260 2822 tor,
283 2744 403 2806 affectui
425 2745 547 2826 privato
569 2765 637 2824 erga
659 2745 787 2806 schisma
807 2745 979 2825 indulgens,
1000 2744 1035 2804 iu
1055 2743 1294 2825 praeindicatam

193 2830 333 2911 corrupit
351 2831 546 2907 sententiam,
566 2830 610 2889 ita
633 2831 783 2912 suspicari
800 2831 891 2907 licat,
911 2829 1084 2890 audientem
1097 2829 1192 2889 Vacci
1203 2831 1294 2890 verbs

192 2915 424 2995 Pachymerem,
446 2916 668 2994 contendentis,
689 2917 740 2977 vel
760 2915 787 2977 si
806 2917 884 2977 forte
904 2915 1006 2975 afferri
1025 2913 1164 2994 nequiret
1185 2909 1293 2974 idonea

192 3002 349 3068 ucusetio
367 3001 562 3062 additamenti
579 3002 754 3063 Latinorum
771 3000 810 3061 sd
823 3000 1008 3080 symbolum,
1025 3000 1059 3059 in
1075 3017 1136 3080 quo
1152 2999 1219 3081 ipse
1232 3019 1292 3080 pu-

191 3103 284 3164 gnare
305 3087 440 3146 odiosius
460 3108 521 3147 non
546 3087 669 3147 duceret
688 3087 889 3147 neceesarium
901 3085 939 3145 ad
951 3105 1087 3163 caussm,
1107 3093 1209 3144 tamen
1221 3081 1291 3144 bse-

189 3170 301 3230 reticeo
318 3171 467 3232 immunes
483 3172 558 3232 labie
581 3172 686 3251 utique
709 3171 792 3253 ipsos
815 3191 893 3248 esse,
915 3170 968 3249 qui
984 3171 1016 3230 iu
1030 3190 1063 3230 aa
1077 3189 1168 3248 quam
1187 3170 1290 3230 trada-

189 3253 266 3316 bent
280 3254 318 3314 de
332 3257 525 3336 processione
543 3260 572 3316 S.
588 3259 718 3336 Spiritus
734 3255 821 3316 etism
836 3277 872 3317 ex
888 3255 949 3316 lilio
964 3254 1104 3316 doctrina
1116 3274 1180 3314 non
1198 3255 1290 3316 dubie

186 3339 399 3419 suffragatores
421 3352 521 3422 patres
540 3343 670 3402 Graecos
687 3341 802 3422 primae
819 3341 1010 3401 annonaria
1025 3338 1180 3403 habereut
1223 3359 1288 3400 eam

87 3467 89 3472 .
185 3425 523 3486 illeooncessioncmin
539 3447 707 3507 expressam
721 3426 895 3486 Latinorum
910 3425 949 3487 ab
961 3425 1145 3486 addin‘onem
1158 3424 1198 3488 ad
1208 3443 1288 3505 sym-

181 3507 287 3570 bolum
302 3511 522 3573 damnationem
536 3512 674 3592 augendo
691 3513 880 3593 perverterit.
921 3519 991 3572 utut
1003 3511 1058 3583 sit,
1080 3509 1219 3590 equidem
1236 3531 1287 3570 aa·

181 3594 223 3654 tis
246 3595 328 3656 clare
347 3597 566 3657 demonstrasse
588 3596 664 3656 mihi
680 3597 787 3658 videor
806 3596 929 3677 propria
951 3615 1043 3677 super
1057 3615 1093 3656 eo
1106 3603 1286 3672 argumento

181 3679 411 3758 fflssartatione,
432 3703 509 3761 quae
535 3683 692 3746 catasta
713 3702 849 3743 mearum
872 3680 1124 3742 Observationum
1141 3681 1183 3740 sd
1201 3681 1285 3761 prius

179 3766 325 3825 volumen
349 3766 441 3827 huius
468 3766 612 3827 historiae
634 3788 652 3826 a
673 3771 705 3847 p'.
723 3769 788 3834 666
808 3799 853 3818 -
871 3787 902 3847 p.
926 3765 1008 3844 674,
1036 3765 1220 3828 additionem
1244 3765 1284 3826 sd

178 3851 351 3930 symbolum
365 3863 451 3912 recta
468 3873 504 3912 sc
520 3853 687 3932 prudenter
705 3853 814 3913 lacum
827 3852 907 3912 nulli
920 3872 984 3912 ease
997 3851 1161 3911 obnoxiam
1179 3870 1283 3931 repae-

176 3932 332 4080 zensionn
361 3947 396 3998 ut
416 3957 480 3998 cam
500 3958 554 3999 sess
571 3937 688 4000 Vaccus
705 3957 760 3999 sen
779 3937 976 4018 Pachymeres
997 3936 1121 4018 sulpure
1139 3934 1282 4013 voluerit,

114 4073 117 4080 ,
200 4030 289 4081 'astra
305 4022 377 4083 sint.
1026 4069 1027 4072 =

177 4135 180 4140 ·
224 4129 230 4150 '
253 4099 293 4187 T12.
320 4111 367 4173 32
394 4127 431 4169 v.·-
456 4113 486 4173 8.
527 4107 685 4191 sauss-ys
708 4103 883 4190 adr'pdrosd
903 4129 939 4191 ys
964 4111 1038 4182 sota
1057 4097 1157 4189 tdyoso
1173 4095 1282 4168 “adseri

175 4186 486 4275 noooopdpaduaso'e,
518 4194 648 4254 obnoxie
674 4194 771 4254 fateor
791 4194 824 4254 in
844 4214 889 4254 ms
907 4211 956 4258 me
974 4192 1082 4270 legisse
1107 4186 1280 4273 noscend-
1331 4257 1343 4286 ρ

176 4293 275 4352 μενος.
317 4277 669 4361 sed-verbumiguotusn
683 4277 800 4341 sthuio
816 4277 938 4360 quidem
949 4277 1027 4340 lotos
1035 4270 1281 4360 msoooffio'rooor
1331 4281 1336 4294 ⁸
