2880 4868
210 375 284 448 272
370 443 373 448 ,
449 439 453 450 ,
524 370 700 442 GEORGII
726 369 994 442 PACHYMERIS

211 534 327 628 ούκῆν
355 539 435 618 ὅλως
460 549 532 620 ταῖςΙ
550 547 614 608 τῶν
634 538 794 626 Ῥωμαίων
823 536 989 625 δυνάμεσιν
1011 537 1146 608 εύοδεῒν.-
1189 533 1242 606 διαί
1265 564 1315 608 τοι

210 651 313 714 ταῦτα
326 647 376 714 καλ
393 647 426 712 ἓν
443 640 686 734 Θεσσαλονίκηύ
702 642 875 730 στρατηγὸς
886 638 1078 727 ,καθήμενος
1092 633 1243 728 ελρνύζετο
1256 644 1315 726 μὲν

176 753 200 807 0
216 747 341 837 καλ»οἰφ’
355 745 468 816 ἑαυτοῦ
483 747 524 815 sci
538 751 691 838 (lexoino
705 747 784 833 πρὸς
796 743 1015 834 ἀντωμύνισιν,Ι
1036 743 1121 830 ὅμως
1132 748 1153 811 δ
1158 742 1169 770 ⁸
1187 745 1222 811 ἐκ
1234 752 1316 814 πολ·

213 858 276 922 λῶν
292 847 510 938 ἀπογινώσκων
525 849 648 939 δινδρῶν
663 850 787 918 οἴκοθεν
802 846 992 937 ὡρμημένων
1005 849 1200 936 περιέσεσθαι
1207 895 1219 930 ‚
1246 846 1315 932 ἅμα

202 951 246 1023 Ιτε
260 952 493 1043 προβαινόντων
506 957 557 1023 καλ
571 952 638 1039 ἅμα
653 949 798 1041 θηρεύειν
813 949 946 1037 ἓχύντων
958 951 998 1020 τὰ
1017 951 1098 1020 κατὰ
1113 947 1219 1039 θύρας
1233 967 1340 1038 προ-5

213 1058 351 1143 κεύμενοι,
378 1057 430 1124 διδ
454 1064 555 1126 ταῦτα
573 1059 625 1126 καλ
644 1064 708 1124 τῶν
731 1053 882 1124 τοιούτων
896 1052 1133 1142 ἀπογινώσκων,
1164 1057 1316 1134 σπονδαῖς

211 1163 273 1228 oroi
283 1167 427 1249 χρῆσθαι
441 1161 568 1246 πέμπων
584 1154 784 1244 συνεβούλευε
803 1166 848 1250 τῶ
861 1165 1026 1247 κρατοῦντι
1033 1207 1044 1240 ,
1067 1161 1118 1226 καλ
1130 1163 1254 1242 μᾶλλον
1263 1162 1316 1224 καλ

211 1271 276 1334 τῶν
293 1265 482 1332 ἀνατολικῶν
498 1263 694 1349 κακουμένων
708 1259 771 1334 sini
784 1269 842 1349 τῆς
855 1265 1066 1350 τῶν’Περσῶν
1080 1263 1247 1349 ἐπιδρομῆς
1263 1265 1317 1328 καλ

210 1365 386 1457 χρῃζύντων
401 1374 457 1451 τῆς
472 1367 579 1452 ἱκανῆς
594 1363 799 1452 ἀντιλήψεως.
850 1362 888 1432 τύ
901 1391 935 1432 τε
950 1364 1088 1443 σπονδὰς
1103 1364 1316 1452 ἀποτεμνομέ-

175 1478 201 1534 1)
217 1496 291 1548 νονς
304 1467 469 1558 εἰρηνεύειν
492 1473 544 1537 καλ
564 1476 689 1555 βασιλεῖ
705 1471 756 1536 καὶ
771 1475 811 1556 τῇ
824 1471 893 1557 περὶ
906 1467 1001 1542 αὐτὸν
1015 1474 1116 1558 βοολῆ
1135 1467 1230 1548 καλδν
1242 1464 1359 1545 iii-10

212 1599 258 1640 κει
276 1576 329 1640 κοιλ
348 1580 411 1641 τῶν
428 1575 610 1640 καλλίστων.
661 1572 698 1642 τὸ
717 1573 752 1639 δὲ
771 1578 829 1640 τοῦ
845 1569 1011 1661 βαρβύροο
1032 1565 1117 1656 ἦθος
1138 1571 1265 1638 εύκολον
1278 1569 1317 1640 bs
1372 1571 1375 1582 '

212 1676 292 1763 πρδς
307 1679 450 1744 σπονδῶν
466 1674 625 1762 σογχύσεις
637 1671 772 1744 διαλύων
785 1675 897 1742 αὐτίκα
921 1677 955 1742 ἐκ
973 1673 1128 1761 τυχούσης
1142 1676 1244 1752 αλτλας
1257 1672 1316 1760 τὴν
1325 1727 1338 1748 .

213 1775 359 1864 ύμύνοιαν
374 1776 567 1850 ύπιύπτεοον.
619 1775 636 1846 ὃ
651 1785 725 1866 γοῦν
744 1778 891 1863 βασιλεύς
913 1778 1080 1846 κάνταῦθα
1093 1787 1189 1846 ποιεῖν
1201 1797 1316 1863 repom-³

211 1879 361 1970 ρούμενος
375 1885 408 1962 ἐξ
428 1874 470 1950 ὧν
493 1882 627 1971 ἀρέσειεν
649 1881 688 1950 ἂν
703 1883 755 1950 καλ
775 1888 821 1973 τῷ
833 1907 867 1968 γε
882 1879 1005 1969 ὅμορεῒν
1017 1880 1139 1966 ἔχοντι,
1164 1873 1316 1967 ἠβούλετο

210 1987 262 2052 καὶ
277 1984 350 2071 μετ’
370 1987 484 2054 ἐκείνου
500 1983 542 2064 ῶς
556 1982 621 2054 oilie
635 2009 668 2053 τε
682 1983 826 2071 εύορκεΐν.
861 1985 907 2070 μὴ
920 1985 1024 2069 μέντοι
1038 2009 1071 2071 γε
1087 1984 1222 2073 ἀρκέσειν
1236 1985 1315 2070 πρὸς
1323 2001 1358 2056 1⁵

171 2095 197 2151 li
214 2090 316 2157 πίστιν
329 2089 386 2174 τὴν
399 2081 590 2178 τούΣέρβοο
605 2090 835 2174 παλιμβοαλύαν
852 2090 885 2155 ἐκ
897 2095 960 2156 τῶν
975 2091 1118 2156 δυνατῶν
1133 2088 1246 2175 ἔκρινεν
1256 2087 1314 2154 ‹tt-

213 2199 294 2278 λως,
322 2191 348 2259 εἰ
363 2191 408 2278 μῆ
425 2188 510 2279 κη’δει
521 2200 566 2284 τῷ
577 2191 656 2260 κατὰ
674 2189 773 2279 γάμον
786 2191 956 2260 σονδύοιτο.
1008 2191 1120 2269 ἐκεῖνος
1136 2189 1170 2258 δ’
1187 2187 1246 2274 εἶχε
1257 2190 1315 2276 τὴν

213 2303 271 2364 τού
295 2301 432 2384 Τερτερῆ
456 2299 491 2362 ἐκ
509 2303 567 2382 τῆς
586 2301 644 2364 τού
662 2295 756 2363 ’eleb
779 2295 916 2384 ἀδελφῆς
930 2283 1108 2383 θύγατύρα,
1136 2293 1243 2379 λαβὼν
1255 2288 1313 2360 ὕπ’

279 2442 308 2497 9.
325 2442 461 2506 σπονδαῖς
478 2440 508 2499 l’.
613 2441 654 2496 12
671 2439 834 2497 ocutiones?
936 2439 978 2496 15.
994 2439 1042 2510 pe]
1059 2439 1113 2510 peip
1129 2439 1161 2495 Ρ.

208 2558 1316 2699 ltt‘llf'tt‘llibiitibitibi?intimam:

228 2695 315 2749 olatim
332 2703 378 2750 ent
394 2697 523 2752 turmatim
545 2714 594 2767 per
618 2696 675 2752 looa
696 2697 755 2752 inde
776 2697 915 2769 longinqua
938 2704 966 2752 et
982 2667 1038 2752 leia
1053 2697 1121 2753 avie.
1156 2704 1316 2768 quapropter

208 2713 410 2820 inmorantem
427 2767 526 2822 Glabes
542 2766 657 2820 residens
673 2766 735 2820 nibil
750 2767 794 2821 ille
809 2767 911 2837 quidem
924 2768 1060 2822 omittebat
1073 2767 1143 2838 qnod
1158 2773 1247 2837 poseat
1261 2767 1316 2821 nti-

208 2833 272 2886 liter
288 2835 384 2888 eoneuli
399 2836 433 2891 aul
450 2835 585 2890 tuitionem
601 2835 772 2890 Romanorum
788 2836 891 2904 finium,
916 2837 962 2890 secl
979 2836 1051 2891 abire
1067 2835 1152 2890 omnia
1170 2835 1197 2890 in
1213 2834 1316 2889 irritum

208 2901 299 2986 pidens
315 2903 473 2975 desperabat
479 2923 563 3028 poree
579 2905 685 2974 reprimi
704 2905 816 3030 impetus
839 2905 981 2974 latronum,
1003 2906 1049 2988 qui
1066 2923 1098 2960 ex
1114 2910 1171 2958 tuto
1187 2906 1317 2958 irruentes

209 2987 237 3022 ιο
255 2972 399 3042 contignum
415 2991 478 3045 prae
496 2993 536 3028 um
557 2975 584 3028 in
607 2990 669 3028 snas
692 2992 721 3028 ee
764 2977 853 3029 tebras
869 2975 955 3030 onusti
971 2974 1144 3045 recipiebant,
1167 2973 1317 3044 prinsquam

206 3039 325 3095 indicium
343 3043 491 3114 irruptionis
507 3043 621 3114 ipsorum
644 3052 692 3110 aut
705 3045 819 3104 *facultas
834 3044 887 3098 nlla
903 3043 1084 3114 prsevertendi
1101 3059 1187 3098 eorum
1204 3042 1316 3112 impetes

208 3108 272 3162 satis
288 3117 388 3167 mature
404 3115 552 3168 baberetur.
587 3112 693 3184 seripsit
710 3131 791 3183 -ergo¹
805 3113 839 3168 ad
863 3113 1044 3183 imperatorem
1061 3130 1109 3168 non
1125 3112 1193 3166 aliud
1209 3111 1258 3165 sibi
1275 3109 1317 3164 ri·

209 3177 265 3232 deri
286 3179 345 3234 bulo
368 3181 484 3236 adbiberi
509 3199 586 3253 posse
608 3184 675 3236 malo
696 3183 835 3252 remedium
858 3199 935 3253 qnam
958 3181 1132 3236 conventionis
1156 3179 1317 3236 suloederis

209 3263 266 3300 cnm
283 3251 361 3306 orale,
394 3251 461 3305 idem
484 3256 621 3321 praetereo
636 3269 744 3321 poeoere
767 3259 864 3306 statum
881 3257 1041 3321 praesentem
1056 3249 1197 3304 orientalis
1216 3249 1315 3316 limitis,

209 3315 346 3374 Perennem
368 3319 556 3374 incursionibus
577 3320 675 3374 vestati
696 3339 729 3375 ae
746 3321 844 3404 mugnis
864 3319 967 3374 auxiliis
989 3321 1103 3390 egentia,
1126 3335 1194 3389 qnae
1216 3321 1316 3388 absque

207 3384 309 3439 sancita
326 3405 383 3442 oum
400 3389 490 3454 Serbia
506 3406 571 3460 poce
586 3389 688 3443 omnino
712 3391 800 3460 oolligr
821 3389 935 3460 expediri
956 3407 988 3442 ne
1009 3408 1043 3443 eo
1059 3395 1196 3460 nequeant.
1230 3379 1317 3442 eonsie

208 3453 269 3507 lium
286 3456 364 3511 facile
379 3459 522 3527 probarunt
537 3458 679 3528 imperator
696 3459 758 3512 etii
775 3476 840 3529 quoe
856 3461 884 3512 ln
909 3408 1136 3513 deiiberstionibns
1161 3456 1316 3520 adhibebate

208 3540 346 3648 pemrpiepqpoe
355 3533 625 3651 dpplpsepsernnttabnpn·
643 3527 949 3652 bonnmrdpolnpntsedAet
964 3527 1087 3650 opplimnnp
1103 3529 1174 3650 {ppltn
1192 3524 1317 3648 aab}

337 3613 528 3651 nomuss
575 3613 730 3652 rnooneo
773 3614 882 3652 emer
921 3614 988 3666 ugus
1016 3614 1074 3651 me
1157 3613 1197 3666 en

209 3677 261 3731 que
285 3665 410 3719 ιεοαελλει
433 3681 466 3719 ao
488 3665 563 3737 quies
587 3668 738 3736 populorum
762 3674 860 3736 posset.
896 3673 925 3721 at
948 3683 1025 3736 qoam
1046 3674 1153 3736 paratus
1175 3665 1318 3748 imperator

209 3737 267 3785 erat
284 3733 317 3786 ed
333 3735 421 3789 statim
437 3734 599 3790 tremendam
615 3735 683 3790 bona
705 3735 759 3790 lide
782 3742 834 3790 lem
850 3735 1019 3790 neeessariam
1036 3733 1216 3806 tranquillitati
1231 3731 1318 3816 publi-

209 3816 256 3854 one
272 3819 329 3856 oum
346 3805 419 3857 boote
434 3803 519 3858 vicino
537 3809 564 3858 et
582 3805 683 3876 potenti
699 3821 804 3876 paoem,
831 3812 884 3860 tam
906 3805 1017 3874 cogebat
1035 3820 1091 3858 enm
1107 3811 1222 3858 metuere
1239 3819 1273 3855 ne
1287 3799 1318 3855 ro

208 3869 306 3926 frustra
322 3877 437 3928 tentaret
456 3881 520 3928 nota
543 3873 698 3927 instabiliter
713 3874 808 3940 Sorbi,
831 3873 904 3944 proni
927 3875 961 3929 ed
986 3875 1141 3928 mutationes
1162 3870 1272 3926 bominis
1287 3877 1318 3926 ee

166 3979 169 3986 .
207 3937 364 3995 desultoriae
386 3941 414 4004 in
435 3942 565 3997 contraria
583 3942 708 3996 levitatis.
741 3942 881 3996 artioribus
902 3942 981 4012 igitur
1001 3961 1060 3997 enm
1081 3941 1132 3996 eibi
1153 3941 1319 4009 adstringen-

207 4005 267 4060 (lnm
284 4010 318 4064 ad
333 4011 410 4065 fidem
434 4010 564 4065 amicitiae
579 4012 721 4064 oonetentis
736 4027 813 4083 qnam
837 4011 980 4080 vulgarium
997 4011 1191 4066 conventionum
1206 4007 1318 4063 vinealis

206 4084 289 4145 ratus,
305 4087 368 4134 tuno
384 4086 484 4134 tantum
502 4079 551 4135 sibi
570 4087 673 4138 certum,
685 4081 742 4133 lore
758 4080 854 4136 socium
871 4081 964 4134 orulem
982 4081 1152 4147 existimavit,
1169 4081 1193 4134 si
1210 4079 1272 4132 data
1290 4079 1319 4132 ei

207 4163 222 4199 e
240 4149 461 4218 consanguinitate
485 4166 532 4203 ena
548 4148 658 4216 coningo
674 4147 773 4202 civilem
790 4155 923 4220 pactorum
948 4150 1129 4220 obligationem
1152 4149 1219 4203 nodo
1242 4147 1319 4202 velut

206 4217 316 4288 quodem
332 4217 434 4272 fortiori
450 4217 587 4287 religiosae
602 4217 797 4271 neoeesitndinis
813 4235 860 4288 per
875 4219 1016 4289 nuptialem
1034 4219 1187 4274 affinitatem
1203 4216 1319 4271 adstrin-

206 4287 294 4340 xlsset.
330 4288 414 4343 orales
436 4291 522 4342 antem
548 4286 601 4342 etsi
615 4287 749 4356 ooniugem
766 4287 817 4340 iam
834 4289 936 4342 tertiam
957 4287 985 4342 in
1007 4289 1173 4343 contubernio
1191 4287 1317 4352 bsbebst,

207 4354 344 4425 expeditus
361 4355 450 4412 lamen
471 4357 504 4412 ad
527 4373 608 4412 noves
624 4357 728 4426 nuptias
743 4355 825 4412 videi
841 4362 960 4427 poterat,
977 4357 1095 4428 qnoniam
1113 4349 1162 4414 boo*
1179 4356 1235 4412 eins
1252 4371 1317 4412 oon-
