2782 4792
391 297 471 373 uu.
493 299 521 368 1.
573 295 850 376 uuossaurun
969 387 970 402 ι
1099 287 1174 369 673

64 501 135 546 rum
148 477 407 565 ρσνοβόμβονλον
427 493 457 544 et
477 475 686 565 διβᾶμβοαλαν
702 471 898 560 inquiramus.
940 489 1014 561 puto
1035 477 1175 560 equidem

66 569 203 630 ebetius
216 588 292 628 voce
309 568 493 628 obambulare
507 569 631 644 deduci,
652 574 683 627 et
705 575 742 626 ut
761 587 826 628 rem
839 566 882 626 ita
896 585 1007 626 nomen
1019 564 1053 624 in
1076 566 1174 625 aulum

65 655 179 716 Romae
194 673 290 714 novae
304 673 320 713 a
335 655 430 714 veteri
444 655 593 732 migrasse.
626 653 659 712 iu
674 653 773 712 aulam
787 651 873 730 dieo,
890 651 998 710 nonin
1015 649 1175 711 eeclesiam.

66 759 139 799 uam
154 739 352 818 praelationes
365 739 538 819 lampadum
553 738 702 819 episeopis
714 757 811 818 usque
823 737 860 795 ab
871 737 1050 818 apostolicis
1063 736 1095 796 iu
1107 737 1177 795 Asia

66 825 191 884 usitatas
205 825 391 906 temporibus
407 825 478 884 soie.
505 825 647 904 Augustis
662 823 782 902 quidem
796 822 895 902 iguem
910 822 1077 902 praelatum
1090 822 1178 904 prius

67 912 179 970 Romae
204 929 293 986 quam
308 910 568 990 Constantinopoli
590 909 689 969 lateri
701 927 821 968 sseoesss
840 917 899 985 ast,
921 927 989 966 eum
1010 907 1068 966 iem
1085 909 1179 966 Com-

72 993 156 1055 modi
170 1003 266 1054 aetate
281 995 414 1055 solemne
428 997 538 1055 Romae
554 1004 631 1054 esset
644 995 743 1074 ignem
761 993 901 1072 Augustis
914 991 1070 1072 praeferri.
1084 1013 1085 1016 ¹
1113 993 1178 1052 He·-

68 1080 215 1142 rodianus
229 1081 248 1142 l.
259 1084 292 1142 l:
308 1083 463 1142 Aounlllu
478 1072 520 1160 ἦν
530 1084 573 1163 spi
585 1075 740 1164 Koppo'dp
751 1072 943 1160 πρεσβυτάτη
955 1075 1082 1140 πάντων
1095 1073 1180 1140 cidel-

70 1159 128 1245 φή.
150 1159 228 1242 αὕτη
243 1160 526 1251 arpo'aaporslouulp
541 1161 634 1251 Βήρῳ
648 1159 853 1246 αὐτοκράτορι
866 1156 1019 1250 συνῴκει.
1035 1211 1042 1225 .
1060 1210 1068 1225 .
1084 1212 1091 1225 .
1112 1155 1181 1225 u'ii'

69 1248 136 1315 last
159 1248 272 1330 σννέβη
285 1247 341 1314 adu
360 1243 499 1314 Λούκιον
519 1255 706 1331 τελευτῆσαι,
724 1243 879 1331 μενόντων
895 1251 933 1334 τῇ
948 1249 1105 1333 Aoonlllp
1124 1250 1181 1326 τῆς

70 1335 225 1416 βασιλείας
243 1330 418 1415 συμβόλων,
443 1340 637 1420 Πομπηΐανῷ
652 1335 671 1398 o‘
688 1331 786 1416 πατὴρ
802 1329 900 1413 αὐτήν
917 1333 1044 1408 ἐξέδοτο.
1088 1327 1181 1395 aitte

69 1413 162 1500 ἦττον
174 1420 279 1499 μέντοι
297 1419 316 1482 ai
331 1418 495 1501 Κόμμοδος
511 1414 657 1502 ἐφύλαττε
669 1417 723 1496 adr
737 1417 827 1501 ιιμᾶς
840 1424 881 1506 τῇ
898 1413 1034 1504 ἄδελφῇ·
1055 1417 1106 1480 καὶ
1121 1414 1181 1500 γρὶρ

71 1503 123 1568 dul
146 1509 203 1567 rosi
227 1507 381 1586 βασιλείου
398 1503 518 1588 θρόνον
536 1510 676 1586 καθῆστο
698 1505 732 1569 ἐν
749 1512 815 1580 ταῖς
832 1498 977 1584 θεάτροις
998 1501 1050 1565 καὶ
1071 1500 1104 1566 sd
1117 1503 1181 1584 ιιιῖρ

71 1584 306 1672 προεπόμπινεν
321 1585 427 1672 αὐτῆς.
470 1611 506 1652 en
520 1591 707 1653 Herodianus
723 1591 865 1672 Augustis
882 1591 993 1650 Romae
1007 1587 1185 1670 imperanti·

71 1675 131 1736 bus
150 1683 237 1734 tanto
259 1686 330 1735 aute
346 1677 575 1737 Constantinum
599 1689 629 1736 et
648 1677 794 1737 uxoribus
816 1697 919 1736 eorum
941 1677 1039 1754 ignem
1061 1691 1185 1753 quaque

72 1761 248 1820 incederent
267 1762 564 1841 praelatumdocet,
583 1772 613 1822 et
633 1761 683 1844 (ut
698 1762 758 1821 boe
776 1759 875 1821 obiter
890 1761 1080 1836 admoneam)
1103 1759 1185 1818 solus

73 1846 175 1920 dooet,
196 1866 235 1907 ue
248 1847 393 1908 miremur
410 1848 448 1907 ab
463 1869 523 1908 uno
542 1849 694 1908 interdum
708 1857 832 1907 auctore
846 1845 960 1925 scripto
979 1854 1083 1904 notata
1096 1863 1186 1924 repe-

73 1931 130 1992 riri
149 1930 296 2010 quaedam
314 1932 387 1992 olim
402 1953 459 1992 usu
468 1933 679 2010 vulgatissima
693 1933 822 2013 ideoque
833 1931 915 2010 quod
930 1940 1003 1990 tuuc
1016 1939 1113 1989 essent
1130 1951 1186 1988 no.

74 2016 191 2075 tissima
204 2017 302 2076 literis
321 2019 515 2078 scribentium
533 2038 595 2077 non
613 2038 762 2099 expressa.
805 2017 850 2076 sie
864 2016 954 2076 luisse
975 2017 1007 2074 in
1016 2027 1185 2093 usu'quon-

75 2102 146 2160 dam
160 2110 191 2160 et
212 2102 313 2182 pretio
330 2104 479 2182 quendam
499 2104 645 2164 honorem
660 2105 772 2163 bisellii
794 2111 933 2162 vocatum
949 2099 1050 2182 (quem
1071 2109 1115 2158 eat
1131 2119 1186 2158 va-

74 2186 201 2246 risimile
224 2187 316 2246 situm
334 2188 430 2249 luisse·
449 2190 481 2248 in
500 2191 685 2270 praelatione
700 2187 783 2248 aedis
799 2190 940 2270 geminae
957 2185 1106 2264 aliquibus
1120 2184 1188 2244 exi-

75 2270 136 2330 mie
152 2269 310 2354 concessa)
326 2291 365 2332 ex
383 2293 445 2332 una
465 2295 565 2355 nuper
583 2275 731 2353 exscripta
749 2283 779 2334 et
799 2274 922 2352 vulgata
937 2279 1055 2331 constat
1071 2270 1189 2350 per'vi-

75 2375 145 2416 rum
165 2355 381 2418 'doctissimum
404 2359 768 2420 Chimentelliumeisaui
797 2357 955 2418 marmoris
981 2355 1192 2436 inscriptione,

75 2440 205 2519 reliquis
222 2461 257 2500 aa
278 2441 316 2502 de
334 2464 369 2504 re
385 2447 546 2505 vetustatis
562 2447 763 2506 monumentis
785 2442 950 2504 silentibus.
994 2442 1075 2501 unde
1091 2461 1147 2500 nec
1163 2440 1191 2499 si

76 2525 196 2608 primus
212 2535 242 2586 et
256 2527 340 2588 solus
355 2529 551 2610 Pacbymerea
565 2532 653 2591 istam
668 2531 706 2591 de
725 2549 782 2611 qua
796 2551 879 2592 nunc
900 2529 1012 2607 agimus
1027 2525 1193 2586 dibambuli

75 2611 228 2678 voeabula
242 2611 426 2692 designatam
443 2617 576 2694 gaminae
589 2617 737 2698 lampadis
749 2626 820 2677 anta
832 2613 1032 2698 patriarcham
1045 2614 1192 2672 Constan-

75 2695 315 2775 tinopolitauum
328 2701 543 2780 praelationem
560 2704 721 2763 memoriae
733 2699 926 2783 prodidisset,
940 2697 1044 2758 mirari
1057 2698 1192 2778 prudens

79 2781 179 2842 lector
195 2792 248 2842 aut
270 2796 437 2864 suspectam
454 2789 544 2848 unius
556 2787 674 2848 'babere
688 2788 778 2849 fidem
793 2797 953 2868 propterea
968 2785 1098 2844 deberet.
1139 2781 1192 2842 sed

79 2866 165 2946 quod
193 2869 346 2950 coepimus
369 2891 490 2950 agamus
515 2873 553 2934 de
572 2873 687 2953 origine
717 2874 802 2934 vocis
828 2872 1051 2933 diuambomm.
1102 2867 1194 2927 eredo

82 2951 223 3030 equidem
252 2954 426 3016 ministrum
454 2957 506 3037 qui
533 2960 635 3019 lumen
660 2959 878 3039 imperantibus
896 2960 1008 3018 Remea
1031 2956 1195 3035 praeferret

78 3036 172 3134 vulgo
192 3037 307 3098 dietum
331 3041 546 3119 obambulans,
568 3046 640 3124 quin
661 3055 690 3104 et
708 3046 909 3105 instrumento
932 3054 986 3104 aut
1005 3044 1071 3104 vasi
1089 3065 1148 3122 quo
1169 3041 1196 3104 is

80 3122 144 3199 igna
166 3124 319 3202 portando
337 3136 476 3189 uteretur
496 3131 620 3190 eandem
641 3151 761 3210 quoque
781 3129 1013 3211 appellationem
1028 3151 1198 3191 accommo-

81 3207 184 3266 datam
209 3227 269 3268 usu
290 3213 449 3293 populari3
471 3223 500 3274 et
521 3217 666 3275 translata
687 3237 742 3297 per
757 3217 986 3277 Constantinum
1003 3237 1018 3276 e
1033 3218 1127 3277 Roma
1140 3236 1197 3276 ve-
1242 3281 1253 3296 ,

80 3301 146 3352 tere
167 3292 199 3350 iu
219 3306 330 3355 nova'm
346 3298 416 3358 aeds
429 3299 566 3380 imperii,
588 3319 698 3361 nomeu
710 3302 789 3362 idem
802 3303 1059 3380 Latinoe'originis
1077 3301 1198 3368 Graecis

80 3375 181 3437 literis
197 3378 357 3458 signatum.
401 3405 435 3444 ar
455 3405 523 3445 cum
540 3388 618 3446 sorte
635 3397 738 3468 postea
758 3389 918 3468 excogitati
930 3389 1040 3467 gradum
1054 3396 1152 3446 esseut
1165 3386 1199 3444 in

81 3462 316 3543 participatione
336 3467 428 3530 huius
449 3469 592 3548 honoris,
613 3471 655 3532 ita
678 3481 714 3532 ut
738 3475 791 3534 sax
810 3484 864 3535 eut
883 3475 997 3555 lampas
1019 3473 1107 3532 unica
1129 3479 1201 3530 ante

82 3549 232 3645 quosdam
253 3562 444 3632 portaretur,
468 3565 538 3616 ante
557 3558 632 3616 alios
650 3557 782 3638 duplex,
805 3560 985 3640 explicatam
1006 3559 1094 3618 istam
1112 3555 1199 3618 diffe-

81 3642 212 3694 rentiam
237 3637 364 3699 voeibus
383 3641 496 3701 Graeca
515 3643 612 3702 torma
636 3645 824 3725 compositis,
846 3647 889 3706 ita
909 3655 947 3706 ut
963 3643 1200 3704 instrumentum

82 3718 206 3778 unicam
224 3725 521 3807 gerenslampadem
541 3730 829 3809 monodambulum,
859 3731 989 3810 geminas
1010 3729 1125 3789 babens
1149 3725 1201 3786 di.

83 3802 270 3866 bumbulum
286 3821 457 3872 vocaretur.
502 3813 583 3874 dicet
597 3816 705 3895 aliquis
720 3816 906 3877 commodius
924 3813 1140 3874 dibambulum
1153 3813 1202 3872 di-

82 3897 169 3988 ctum
185 3891 282 3952 videri
300 3915 388 3975 posse
405 3897 489 3978 quasi
508 3897 724 3980 dibunapulum
739 3902 776 3961 ab
792 3903 944 3982 ampulla,
958 3899 1075 3960 mollito
1090 3920 1110 3980 p
1124 3899 1156 3958 iu
1170 3898 1202 3965 b.

83 3981 171 4052 atqua
190 3977 216 4036 si
239 3977 299 4040 boe
319 3991 417 4060 essetf
436 3985 669 4046 monombulum
687 4008 725 4046 ex
742 3988 877 4066 analogia
896 3987 1020 4046 formari
1042 3979 1202 4045 debuisset.
1252 3975 1259 3992 ⁸

84 4079 282 4138 agnoscamus
302 4085 372 4148 argo
392 4068 427 4127 in
445 4087 521 4130 voce
543 4073 929 4132 monobumdulum'veram
945 4082 1005 4130 tam
1025 4071 1204 4130 monebam-

85 4144 155 4204 btdi
180 4167 271 4226 quam
289 4148 466 4213 dibumbuls'
481 4157 626 4235 originem
642 4158 782 4217 Latinum
798 4156 980 4218 vocabulum
994 4155 1204 4219 obambulans.

83 4227 161 4328 ¹¹?ae
180 4251 247 4294 mea
262 4235 349 4297 :eiroa
367 4237 584 4302 dibombulum
606 4248 817 4318 coniectauea,
839 4247 881 4303 ”ut
899 4243 980 4304 soleo
999 4263 1068 4303 meo
1090 4243 1206 4306 iudicio

85 4315 239 4397 diffidere,
260 4341 330 4382 eum
345 4323 412 4384 aliis
427 4326 618 4392 discutisnda
637 4328 738 4392 obtuli
755 4329 829 4393 airis
844 4327 989 4407 eruditis,
1010 4338 1076 4392 tum
1094 4330 1206 4393 doctis·

131 4410 268 4482 Georgius
289 4415 462 4487 Puolspsaeres
482 4420 522 4476 11.
950 4413 993 4482 43
