2798 4786
212 259 285 334 138
528 261 706 332 GEORGII
731 263 997 332 PACHYMERlS

206 432 289 502 κατὰ
302 433 410 518 κσιρδν
425 430 635 505 ἐνδωσόντων.
684 435 787 502 τοῦθ’
808 432 978 514 Ὕείκινθος
1001 437 1095 521 λέγων
1114 434 1313 523 περιεβουκά-

208 545 253 604 λει
275 529 333 614 τοῖς
354 539 482 617 ἐλπίδας
501 546 547 628 τῷ
565 546 704 620 βασιλεῖ,
740 538 819 607 ὥστε
840 545 891 606 καῖ
911 542 968 624 τὴν
988 548 1045 606 τοῦ
1062 542 1197 607 Μωσελέ
1212 541 1313 625 μονὴν

170 641 334 719 (λίκείνοις
355 639 487 722 ἀνεῖναι,
511 645 563 707 καί
576 651 707 730 θαρρεῖν
727 645 784 726 τὴν
798 645 917 710 ἐκείνων
936 640 1081 724 ὁμόνοιαν
1104 644 1161 710 οὐκ
1184 646 1225 720 είς
1245 671 1313 726 μει-

207 743 286 830 κράν
306 741 500 828 γενήσεσθαι.
554 745 626 813 ἀλλ’
650 740 688 832 ἦν
712 755 813 814 τοῦτο
835 745 929 814 πάντ’
953 747 1068 833 ὄνειρος
1086 744 1311 830 ἐκτυπούμενος

207 847 248 913 sel
260 844 452 936 ἀνδπαρκτα.
505 847 608 932 ἀμίλει
622 877 671 918 τοι
685 849 842 927 κάκείνους
854 853 920 934 μὲν,
938 852 1001 916 fuel
1015 846 1161 927 πολλιίκις
1176 855 1338 935 becapai-5

208 955 265 1030 ξας
286 954 337 1016 καί
356 963 461 1034 σιμοῖς
478 956 637 1038 μεγίσταις
659 951 896 1038 δεξιωσάμενος,
933 953 1011 1020 ὥστε
1029 959 1081 1021 καί
1092 965 1157 1029 τοῖς
1175 962 1305 1040 τυφλοῖς

207 1051 475 1138 ὑπεξανίστασθαι
495 1065 657 1142 προσιοῦσι
681 1060 731 1124 καῖ
746 1062 923 1144 μακαρίζειν
942 1058 984 1124 sd
1002 1055 1092 1142 πάθη
1103 1061 1153 1124 καῖ
1166 1085 1312 1144 παρακο-

209 1164 271 1224 λεῖν
293 1158 338 1244 μὴ
361 1159 441 1226 καλά
461 1158 625 1228 καλύπτειν
647 1172 772 1242 κακοῖς,
805 1163 859 1252 τὸν
878 1159 957 1247 ἀπέρ
977 1167 1055 1228 θεοῦ
1069 1164 1120 1228 καῖ
1137 1169 1199 1228 τοῖιν
1215 1162 1312 1228 θείων

172 1264 306 1345 ὓζῆλον
330 1273 401 1339 τοῖς
426 1271 483 1346 τῆς
506 1264 603 1331 αὐτοῦ
626 1267 788 1349 ἐκκλησίας
810 1265 1015 1341 ἀποστασίαις
1026 1315 1037 1346 ,
1076 1265 1165 1341 τίλος
1186 1263 1308 1350 ἀφίησι,

208 1365 369 1432 σκέπτεται
383 1367 418 1432 δέ
431 1367 510 1450 paul
530 1375 633 1434 κοινοῦ
650 1371 812 1453 συνεδρίου
826 1372 876 1434 καῖ
892 1369 974 1450 ἱεροῦ
990 1365 1094 1445 ὁποῖος
1115 1367 1154 1434 ἀν
1169 1370 1220 1434 καί
1234 1374 1311 1452 κλη-
1322 1383 1358 1436 10

208 1471 281 1552 θείη
295 1472 340 1546 είς
353 1474 546 1555 προστασίαν
560 1479 616 1556 τῆς
633 1473 795 1558 ἐκκλησίας
807 1472 887 1554 μετὰ
901 1477 933 1538 Γ
930 1469 1083 1558 ρηγάριον.
1135 1473 1240 1537 ἐκεῖνοι
1254 1473 1313 1555 μὲν

206 1570 268 1658 γὰρ
298 1575 350 1638 καῖ
379 1573 510 1658 ἀκίχητα
539 1573 703 1642 διώκουσιν
731 1572 864 1665 ἐῴκεσαν
896 1575 1063 1660 ἀντικρυς,
1108 1573 1231 1641 ἀθετεῖν
1254 1576 1313 1653 μὲν

172 1723 176 1726 -
207 1674 365 1766 ἀξιοῦντες
384 1676 439 1743 τὸν
462 1675 595 1766 Ἰωσήφ,
633 1677 756 1745 ἀθετεῖν
775 1681 810 1745 δι’
832 1681 884 1745 καί
911 1677 1012 1764 δόγμα
1028 1685 1083 1761 τῆς
1099 1679 1260 1762 ἐκκλησίας
1274 1677 1312 1742 τὸ

207 1778 260 1844 ded
282 1786 339 1846 soii
355 1779 477 1848 υῖσῦ.ἐκ
498 1783 616 1868 πατρὸς
633 1779 873 1868 ἐκπορεύεσθαι,
903 1782 1049 1866 ἀρχιερεῖς
1065 1782 1099 1847 δέ
1113 1788 1311 1868 φιλοκρινεῖν,

206 1881 258 1946 καί
278 1878 446 1969 ῖερωσάνην
457 1873 523 1969 τὴν
542 1888 599 1968 μίν
614 1890 800 1971 προσίεσθαι
821 1885 925 1969 τὴνδ’
943 1885 1151 1968 ἀποπέμπειν,
1176 1887 1231 1950 καί
1242 1910 1312 1950 τινα
1321 1896 1355 1952 15

206 1993 339 2082 τοιαῦτα
362 1987 441 2055 πολεῖ
463 1988 501 2055 sd
522 1991 667 2077 δυσχερὲς
683 1992 734 2056 καί
754 1992 798 2067 εές
817 1989 914 2075 ἀκοὴν
932 1988 1041 2073 ἔχοντα
1058 1984 1158 2072 μόνην
1171 1994 1230 2079 pra}
1252 1988 1314 2054 τινῖ

206 2203 265 2266 tut,
287 2205 319 2256 ut
333 2199 432 2256 inflecti
448 2217 477 2256 se
493 2202 579 2257 sinant
595 2202 628 2255 sd
646 2203 831 2258 schismaticam
847 2201 1013 2273 pertinaciam
1036 2200 1063 2254 in
1086 2206 1199 2270 ternpore
1221 2197 1314 2252 remit·

205 2272 318 2327 tendam.
352 2271 416 2324 talia
429 2269 573 2324 disserebat
589 2273 767 2341 Hyacinthus,
792 2290 839 2342 spe
858 2274 895 2325 sie
911 2272 978 2324 inani
996 2271 1094 2326 lactens
1111 2269 1240 2323 credulam
1257 2271 1315 2322 Au·

205 2341 276 2410 gusti
298 2349 426 2404 mentem,
449 2341 615 2412 favoremque
637 2343 718 2412 ipsius
741 2344 823 2410 magis
846 2343 896 2395 sibi
920 2342 1050 2410 memeque
1067 2358 1099 2394 ac
1114 2339 1166 2392 suis
1184 2353 1313 2392 merens.

225 2411 299 2531 igbnus
315 2408 685 2532 σῖωίίράσσιδὴοσιιεσισασσείαπι
706 2411 760 2494 fuit
778 2413 845 2534 ppod
863 2412 1041 2532 mllmmlum
1065 2408 1314 2531 anplpselpniuffi

224 2495 359 2532 sensere
418 2494 495 2530 ns·
535 2497 563 2532 ra
598 2497 631 2534 ue
652 2497 681 2534 sa
704 2497 756 2534 ram
807 2499 832 2532 ιιι
857 2493 902 2532 tur
941 2496 1079 2532 cerocon
1117 2495 1161 2530 ee
1221 2495 1236 2528 v

204 2547 362 2600 Arseniauae
378 2553 466 2599 sectae
475 2497 598 2618 'pllellrunlq
599 2566 654 2602 cum
681 2550 789 2603 ecclesia
805 2549 964 2603 concordiam
981 2557 1041 2617 post
1057 2565 1105 2600 non
1123 2547 1229 2599 multum
1245 2545 1314 2598 exti-

206 2621 300 2669 turum.
334 2617 380 2670 sed
398 2615 462 2669 baec
478 2619 539 2670 nibil
556 2619 654 2672 demum
671 2619 741 2672 eliud
758 2628 833 2674 erant
848 2637 923 2688 qnam
941 2634 1036 2671 merum
1053 2616 1191 2681 somnium,
1215 2615 1315 2668 formas

205 2693 303 2738 temere
319 2691 425 2740 nectens
447 2687 609 2741 insociabiles
631 2689 657 2742 iu
680 2705 772 2754 unum,
795 2687 895 2742 nonnisi
917 2687 1033 2740 fabulose
1049 2685 1184 2756 enodabile
1201 2683 1315 2736 coitione

205 2764 354 2809 naturarum
372 2773 431 2808 sese
447 2755 556 2810 invicem
579 2757 765 2811 excludentium
781 2767 920 2829 spectrum.
955 2763 983 2809 et
1004 2755 1087 2809 sensit
1103 2754 1206 2806 undem
1222 2753 1315 2822 Augu-

206 2832 264 2878 stus
281 2841 310 2878 se
327 2841 432 2896 operam
449 2825 567 2894 perdere.
601 2825 690 2897 itaque
707 2834 766 2896 post
787 2828 892 2896 saepius
908 2825 1032 2880 admissos
1049 2823 1201 2892 auditosque
1220 2826 1249 2874 et
1266 2822 1315 2873 bo-

205 2894 277 2948 uoris
292 2895 439 2964 fauorisque
454 2893 557 2950 indiciis
579 2897 784 2967 exquisitissimis
807 2899 904 2976 fruqtra
920 2897 1002 2947 crrltos
1019 2895 1143 2965 primores
1158 2891 1315 2946 Arseuiano-

206 2979 272 3030 πται,
290 2963 354 3016 adeo
370 2963 473 3034 quidem
491 2973 519 3018 ut
535 2965 568 3019 iis
583 2965 652 3020 inter
668 2965 739 3034 ipsos
756 2967 801 3036 qui
817 2965 996 3018 excaecatione
1019 2963 1100 3032 puniti
1122 2961 1182 3014 olim
1200 2961 1316 3024 fumant,

204 3031 368 3086 venientibus
385 3033 419 3086 ad
435 3051 464 3087 so
481 3045 646 3104 assurgeret,
664 3041 691 3088 et
707 3037 798 3089 beatos
814 3035 871 3088 illos
889 3034 1053 3086 cicatricibus
1073 3031 1129 3083 istis
1153 3030 1258 3082 virtutis
1282 3046 1315 3081 ae

205 3101 365 3156 constantiae
382 3103 494 3172 ipsorum
512 3105 638 3158 iudicibus
656 3105 832 3176 praediceret,
853 3104 991 3157 adhortans
1005 3101 1114 3178 pubinde
1130 3100 1200 3168 ipsus
1217 3114 1251 3151 ne
1268 3115 1315 3150 ve-

204 3177 262 3223 tera
279 3172 374 3224 decora
391 3175 536 3226 recentibus
553 3175 658 3228 maculis
674 3176 841 3244 obtegerent,
865 3175 913 3226 boc
932 3180 973 3222 est
996 3189 1029 3224 ue
1046 3187 1121 3240 quent
1137 3171 1266 3236 ingentem
1285 3171 1316 3219 et

202 3240 279 3293 valde
294 3241 447 3294 laudabilem
465 3250 526 3296 tunc
544 3252 741 3306 monstrassent,
766 3261 822 3296 curu
838 3243 884 3294 illa
907 3249 967 3293 suut
986 3239 1070 3309 passi,
1095 3255 1142 3308 pro
1160 3241 1255 3289 deo'et
1270 3253 1316 3288 re·

202 3310 252 3362 bus
269 3310 362 3364 divinis
379 3311 476 3380 selant,
500 3311 533 3365 ad
556 3322 698 3366 extremum
722 3319 913 3380 corrumperent
939 3309 1126 3362 defectionibus
1152 3311 1185 3360 ab
1203 3304 1317 3358 ecclesia

201 3378 299 3450 ipsius,
328 3381 376 3432 boe
393 3387 433 3434 est
450 3398 524 3452 quem
541 3382 642 3452 ipsein
659 3381 787 3450 integrum
804 3381 977 3444 restituisset,
1000 3378 1108 3448 denique
1126 3377 1189 3458 nihil
1205 3391 1234 3428 se
1252 3391 1317 3444 pro·

202 3448 283 3503 licere
300 3449 391 3502 uidens
407 3467 494 3504 omnes
511 3452 615 3518 dimisit,
633 3451 666 3504 de
684 3461 789 3504 caetero
805 3451 959 3514 consultans,
979 3465 1035 3501 cum
1055 3449 1080 3499 iu
1098 3447 1202 3499 concllro
1219 3459 1317 3514 proee-

202 3534 260 3572 rum
284 3536 316 3572 ac
340 3527 486 3573 senatorum
508 3527 562 3574 tom
585 3521 663 3574 etiam
689 3520 716 3573 ln
746 3519 890 3573 antistitum
916 3527 944 3571 et
967 3516 1197 3570 ecclesiasticorum
1225 3522 1316 3596 coetu,

204 3589 321 3658 quisnam
338 3589 469 3644 vocandus
484 3590 618 3644 videretur
633 3591 665 3644 ad
683 3590 796 3658 regimen
813 3588 938 3641 ecclesiae
955 3594 1015 3657 post
1029 3585 1191 3654 Gregorium.
1227 3587 1257 3635 at
1272 3597 1317 3634 na·

203 3657 279 3712 terim
297 3656 431 3712 Arseniaui
448 3661 633 3731 necquidquam
646 3677 680 3712 se
695 3661 840 3720 vexabant,
866 3659 948 3710 instar
965 3655 1172 3727 prosequentium
1192 3650 1317 3705 ardenter

204 3744 314 3797 quorum
331 3731 546 3798 assequendorum
563 3747 611 3784 nec
629 3746 688 3798 spes
705 3749 753 3784 nec
769 3729 879 3782 facultas
896 3727 948 3780 ulla
966 3727 1011 3781 sit.
1045 3725 1176 3806 instabant
1193 3720 1316 3804 videlieet

203 3796 272 3866 apud
291 3797 415 3865 synodum
432 3806 462 3851 ut
478 3799 655 3852 declararetur
671 3799 807 3869 Iosepbum
831 3815 879 3850 nec
898 3813 987 3848 verum
1008 3813 1056 3848 nec
1078 3794 1214 3862 legrtimnm
1232 3791 1317 3842 fursee

204 3865 389 3936 patriarcham.
425 3868 589 3936 postulabant
605 3878 741 3939 praeterea
757 3867 873 3920 detonari
889 3866 981 3934 dogma
998 3863 1188 3927 ecclesiaeque
1205 3859 1234 3912 8.
1253 3859 1318 3926 8ρί-

204 3935 273 4056 ἱὶιασ
289 3951 322 3994 ox
339 3939 414 4004 patre
430 3953 478 4020 per
494 3937 730 4059 filiumdproeedere
748 3937 921 4060 σέἑῖησσῑυτρ.
933 3929 1317 4056 deindebcontpppdieabautuicbsz

205 4009 659 4143 rztllttl‘trtlttttsll:
670 4013 1317 4156 ritaret?llttttttlzllntulnn

205 4139 317 4211 denique
334 4142 386 4196 alie
402 4143 529 4213 quaedam
545 4145 699 4215 flagitabant
714 4145 910 4216 perplexitatem
926 4141 1126 4195 inextrrcabilem
1142 4151 1319 4218 summamque

205 4208 385 4265 difficultatem
401 4215 483 4282 primo
506 4215 563 4284 ipso
586 4215 676 4268 uudltn
698 4215 881 4286 praeferentia.
914 4212 960 4266 sed
977 4227 1065 4264 οισιισσ
1083 4208 1191 4262 curulum
1209 4215 1319 4258 setarum

206 4277 357 4348 petitionum
372 4281 547 4339 absurditates
563 4285 591 4340 in
607 4289 685 4338 nuum
699 4283 777 4357 qnasi
792 4285 888 4338 fascem
911 4280 1073 4354 congusisse
1091 4277 1142 4334 visi
1156 4283 1234 4345 suut,
1258 4289 1319 4328 cum

113 4431 217 4561 q
