<?xml version="1.0" encoding="UTF-8"?>
<!DOCTYPE html PUBLIC "-//W3C//DTD XHTML 1.0 Transitional//EN"
    "http://www.w3.org/TR/xhtml1/DTD/xhtml1-transitional.dtd">
<html xmlns="http://www.w3.org/1999/xhtml" xml:lang="en" lang="en">
 <head>
  <title>
</title>
<meta http-equiv="Content-Type" content="text/html;charset=utf-8" />
  <meta name='ocr-system' content='tesseract 3.04.00' />
  <meta name='ocr-capabilities' content='ocr_page ocr_carea ocr_par ocr_line ocrx_word'/>
</head>
<body>
  <div class='ocr_page' id='page_1' title='image "./georgiipachymer00pousgoog_0314.png"; bbox 0 0 2888 4884; ppageno 0'>
   <div class='ocr_carea' id='block_1_1' title="bbox 297 277 1244 380">
    <p class='ocr_par' dir='ltr' id='par_1_1' title="bbox 297 277 1244 380">
     <span class='ocr_line' id='line_1_1' title="bbox 297 277 1244 380; baseline 0.01 -33"><span class='ocrx_word' id='word_1_1' title='bbox 297 279 355 380; x_wconf 83' lang='lat' dir='ltr'>nn</span> <span class='ocrx_word' id='word_1_2' title='bbox 378 277 629 350; x_wconf 82' lang='lat' dir='ltr'>mnnomco</span> <span class='ocrx_word' id='word_1_3' title='bbox 655 279 937 351; x_wconf 76' lang='lat' dir='ltr'>nmmonooo</span> <span class='ocrx_word' id='word_1_4' title='bbox 962 282 999 350; x_wconf 82' lang='grc' dir='ltr'>ι.</span> <span class='ocrx_word' id='word_1_5' title='bbox 1013 283 1071 351; x_wconf 78' lang='grc' dir='ltr'><strong><em>ιν.</em></strong></span> <span class='ocrx_word' id='word_1_6' title='bbox 1171 285 1244 356; x_wconf 81' lang='lat'>³01</span> 
     </span>
    </p>
   </div>
   <div class='ocr_carea' id='block_1_2' title="bbox 99 443 1285 1988">
    <p class='ocr_par' dir='ltr' id='par_1_2' title="bbox 99 443 1285 1988">
     <span class='ocr_line' id='line_1_2' title="bbox 144 443 1245 540; baseline -0.003 -16"><span class='ocrx_word' id='word_1_7' title='bbox 144 459 282 535; x_wconf 81' lang='grc' dir='ltr'><strong><em>θιστῶν,</em></strong></span> <span class='ocrx_word' id='word_1_8' title='bbox 307 452 386 539; x_wconf 72' lang='grc' dir='ltr'><strong><em>παρ’</em></strong></span> <span class='ocrx_word' id='word_1_9' title='bbox 411 443 450 520; x_wconf 73' lang='grc' dir='ltr'>οδ</span> <span class='ocrx_word' id='word_1_10' title='bbox 469 452 508 536; x_wconf 77' lang='grc' dir='ltr'>δὴ</span> <span class='ocrx_word' id='word_1_11' title='bbox 531 456 583 519; x_wconf 79' lang='grc' dir='ltr'><strong><em>καλ</em></strong></span> <span class='ocrx_word' id='word_1_12' title='bbox 605 452 646 518; x_wconf 79' lang='grc' dir='ltr'><strong><em>τό</em></strong></span> <span class='ocrx_word' id='word_1_13' title='bbox 663 457 721 537; x_wconf 78' lang='grc' dir='ltr'><strong><em>τῆς</em></strong></span> <span class='ocrx_word' id='word_1_14' title='bbox 743 453 906 540; x_wconf 68' lang='grc' dir='ltr'><strong><em>ἐκκλησίας</em></strong></span> <span class='ocrx_word' id='word_1_15' title='bbox 927 447 1094 538; x_wconf 76' lang='grc' dir='ltr'><strong><em>διεξόγοιτ’</em></strong></span> <span class='ocrx_word' id='word_1_16' title='bbox 1109 453 1148 520; x_wconf 85' lang='grc' dir='ltr'><strong><em>ἀν</em></strong></span> <span class='ocrx_word' id='word_1_17' title='bbox 1162 452 1245 536; x_wconf 85' lang='grc' dir='ltr'><strong><em>πρό-</em></strong></span> 
     </span>
     <span class='ocr_line' id='line_1_3' title="bbox 142 551 1246 646; baseline 0.001 -23"><span class='ocrx_word' id='word_1_18' title='bbox 142 583 257 646; x_wconf 88' lang='grc' dir='ltr'><strong><em>γματα.</em></strong></span> <span class='ocrx_word' id='word_1_19' title='bbox 309 560 361 622; x_wconf 76' lang='grc' dir='ltr'><strong><em>καλ</em></strong></span> <span class='ocrx_word' id='word_1_20' title='bbox 383 552 478 623; x_wconf 74' lang='grc' dir='ltr'><strong><em>πόλλ’</em></strong></span> <span class='ocrx_word' id='word_1_21' title='bbox 507 553 587 623; x_wconf 82' lang='grc' dir='ltr'><strong><em>ἀττα</em></strong></span> <span class='ocrx_word' id='word_1_22' title='bbox 610 561 740 624; x_wconf 77' lang='grc' dir='ltr'><strong><em>τοιαῦτα</em></strong></span> <span class='ocrx_word' id='word_1_23' title='bbox 758 551 930 644; x_wconf 70' lang='grc' dir='ltr'><strong><em>γράφοντες</em></strong></span> <span class='ocrx_word' id='word_1_24' title='bbox 948 553 1090 624; x_wconf 74' lang='grc' dir='ltr'><strong><em>ἀπαίτεον</em></strong></span> <span class='ocrx_word' id='word_1_25' title='bbox 1102 555 1246 626; x_wconf 83' lang='grc' dir='ltr'><strong><em>δεικνόιιν</em></strong></span> 
     </span>
     <span class='ocr_line' id='line_1_4' title="bbox 142 656 1246 747; baseline 0 -19"><span class='ocrx_word' id='word_1_26' title='bbox 142 661 259 747; x_wconf 80' lang='grc' dir='ltr'><strong><em>ἤθελον</em></strong></span> <span class='ocrx_word' id='word_1_27' title='bbox 278 659 333 727; x_wconf 85' lang='grc' dir='ltr'>τόν</span> <span class='ocrx_word' id='word_1_28' title='bbox 356 661 433 736; x_wconf 78' lang='grc' dir='ltr'><strong><em>τίσις</em></strong></span> <span class='ocrx_word' id='word_1_29' title='bbox 453 667 538 747; x_wconf 68' lang='lat' dir='ltr'>optio</span> <span class='ocrx_word' id='word_1_30' title='bbox 554 656 892 744; x_wconf 86' lang='grc' dir='ltr'><strong><em>ἀποπροσποιοόμενον.</em></strong></span> <span class='ocrx_word' id='word_1_31' title='bbox 944 665 1046 727; x_wconf 75' lang='lat' dir='ltr'>aurien</span> <span class='ocrx_word' id='word_1_32' title='bbox 1059 664 1246 741; x_wconf 74' lang='lat' dir='ltr'>dnoriet&#39;de·</span> 
     </span>
     <span class='ocr_line' id='line_1_5' title="bbox 145 759 1246 854; baseline 0.001 -24"><span class='ocrx_word' id='word_1_33' title='bbox 145 765 267 854; x_wconf 76' lang='grc' dir='ltr'><strong><em>ξαμόνρ)</em></strong></span> <span class='ocrx_word' id='word_1_34' title='bbox 287 763 325 829; x_wconf 90' lang='grc' dir='ltr'><strong><em>τδ</em></strong></span> <span class='ocrx_word' id='word_1_35' title='bbox 347 761 428 830; x_wconf 79' lang='grc' dir='ltr'><strong><em>πολι)</em></strong></span> <span class='ocrx_word' id='word_1_36' title='bbox 446 759 531 849; x_wconf 73' lang='grc' dir='ltr'><strong><em>ἐπῄει</em></strong></span> <span class='ocrx_word' id='word_1_37' title='bbox 550 763 738 849; x_wconf 75' lang='grc' dir='ltr'><strong><em>καθυφιόναι</em></strong></span> <span class='ocrx_word' id='word_1_38' title='bbox 765 767 822 846; x_wconf 80' lang='grc' dir='ltr'><strong><em>τῆς</em></strong></span> <span class='ocrx_word' id='word_1_39' title='bbox 841 759 1029 844; x_wconf 67' lang='grc' dir='ltr'><strong><em>διαθέσεως,</em></strong></span> <span class='ocrx_word' id='word_1_40' title='bbox 1064 762 1102 830; x_wconf 80' lang='lat' dir='ltr'>oei</span> <span class='ocrx_word' id='word_1_41' title='bbox 1126 764 1188 850; x_wconf 77' lang='grc' dir='ltr'><strong><em>μὴν</em></strong></span> <span class='ocrx_word' id='word_1_42' title='bbox 1211 766 1246 832; x_wconf 77' lang='grc' dir='ltr'>δὲ</span> 
     </span>
     <span class='ocr_line' id='line_1_6' title="bbox 118 863 1246 956; baseline -0.001 -23"><span class='ocrx_word' id='word_1_43' title='bbox 118 866 225 936; x_wconf 65' lang='lat' dir='ltr'>(edim</span> <span class='ocrx_word' id='word_1_44' title='bbox 246 869 297 932; x_wconf 84' lang='grc' dir='ltr'><strong><em>καλ</em></strong></span> <span class='ocrx_word' id='word_1_45' title='bbox 317 863 463 932; x_wconf 87' lang='grc' dir='ltr'><strong><em>ἀπολόειν</em></strong></span> <span class='ocrx_word' id='word_1_46' title='bbox 479 863 677 932; x_wconf 79' lang='grc' dir='ltr'><strong><em>παντάπασιν</em></strong></span> <span class='ocrx_word' id='word_1_47' title='bbox 698 865 791 950; x_wconf 66' lang='grc' dir='ltr'><strong><em>ἔγνω,</em></strong></span> <span class='ocrx_word' id='word_1_48' title='bbox 825 863 900 930; x_wconf 79' lang='grc' dir='ltr'><strong><em>ἀλλ’</em></strong></span> <span class='ocrx_word' id='word_1_49' title='bbox 923 867 1025 956; x_wconf 70' lang='lat' dir='ltr'>dariam</span> <span class='ocrx_word' id='word_1_50' title='bbox 1046 868 1103 950; x_wconf 72' lang='grc' dir='ltr'><strong><em>μὲν</em></strong></span> <span class='ocrx_word' id='word_1_51' title='bbox 1124 864 1246 955; x_wconf 74' lang='grc' dir='ltr'><strong><em>ἀφιέναι</em></strong></span> 
     </span>
     <span class='ocr_line' id='line_1_7' title="bbox 144 965 1285 1055; baseline 0 -18"><span class='ocrx_word' id='word_1_52' title='bbox 144 973 195 1037; x_wconf 82' lang='grc' dir='ltr'><strong><em>καλ</em></strong></span> <span class='ocrx_word' id='word_1_53' title='bbox 217 966 369 1037; x_wconf 65' lang='grc' dir='ltr'><strong><em>ἐνδιδόναι</em></strong></span> <span class='ocrx_word' id='word_1_54' title='bbox 376 1018 387 1050; x_wconf 97' lang='grc'><strong><em>,</em></strong></span> <span class='ocrx_word' id='word_1_55' title='bbox 412 967 451 1054; x_wconf 80' lang='grc' dir='ltr'><strong><em>ἤν</em></strong></span> <span class='ocrx_word' id='word_1_56' title='bbox 476 995 543 1046; x_wconf 85' lang='grc' dir='ltr'><strong><em>ποις</em></strong></span> <span class='ocrx_word' id='word_1_57' title='bbox 564 965 773 1052; x_wconf 77' lang='grc' dir='ltr'><strong><em>ἀνακάμπτειν</em></strong></span> <span class='ocrx_word' id='word_1_58' title='bbox 792 965 955 1050; x_wconf 77' lang='grc' dir='ltr'><strong><em>βοόλοιτο,</em></strong></span> <span class='ocrx_word' id='word_1_59' title='bbox 981 969 1027 1055; x_wconf 86' lang='grc' dir='ltr'>μὴ</span> <span class='ocrx_word' id='word_1_60' title='bbox 1041 968 1190 1055; x_wconf 71' lang='grc' dir='ltr'><strong><em>μέντοιγε</em></strong></span> <span class='ocrx_word' id='word_1_61' title='bbox 1202 967 1285 1048; x_wconf 75' lang='grc' dir='ltr'>ὦςῦ</span> 
     </span>
     <span class='ocr_line' id='line_1_8' title="bbox 143 1068 1243 1160; baseline -0.003 -19"><span class='ocrx_word' id='word_1_62' title='bbox 143 1075 183 1141; x_wconf 81' lang='grc' dir='ltr'><strong><em>τό</em></strong></span> <span class='ocrx_word' id='word_1_63' title='bbox 203 1079 314 1160; x_wconf 83' lang='grc' dir='ltr'><strong><em>πρῶτα</em></strong></span> <span class='ocrx_word' id='word_1_64' title='bbox 332 1077 474 1159; x_wconf 79' lang='grc' dir='ltr'><strong><em>λιπαρῶς</em></strong></span> <span class='ocrx_word' id='word_1_65' title='bbox 493 1071 600 1151; x_wconf 76' lang='grc' dir='ltr'><strong><em>ἀξιοῦν</em></strong></span> <span class='ocrx_word' id='word_1_66' title='bbox 620 1075 672 1138; x_wconf 88' lang='grc' dir='ltr'><strong><em>καλ</em></strong></span> <span class='ocrx_word' id='word_1_67' title='bbox 692 1068 946 1158; x_wconf 74' lang='grc' dir='ltr'><strong><em>καταναγκάζειν·</em></strong></span> <span class='ocrx_word' id='word_1_68' title='bbox 977 1071 1017 1156; x_wconf 77' lang='grc' dir='ltr'><strong><em>ἢν</em></strong></span> <span class='ocrx_word' id='word_1_69' title='bbox 1033 1071 1068 1138; x_wconf 82' lang='grc' dir='ltr'>δ’</span> <span class='ocrx_word' id='word_1_70' title='bbox 1085 1071 1243 1158; x_wconf 74' lang='grc' dir='ltr'><strong><em>ἐπανήκοι,</em></strong></span> 
     </span>
     <span class='ocr_line' id='line_1_9' title="bbox 140 1172 1245 1268; baseline -0.002 -24"><span class='ocrx_word' id='word_1_71' title='bbox 140 1173 294 1260; x_wconf 69' lang='grc' dir='ltr'><strong><em>’δέχεσθαί</em></strong></span> <span class='ocrx_word' id='word_1_72' title='bbox 313 1201 346 1242; x_wconf 89' lang='grc' dir='ltr'>τε</span> <span class='ocrx_word' id='word_1_73' title='bbox 375 1178 429 1242; x_wconf 67' lang='grc' dir='ltr'><strong><em>καί</em></strong></span> <span class='ocrx_word' id='word_1_74' title='bbox 446 1175 477 1242; x_wconf 85' lang='lat' dir='ltr'>oi</span> <span class='ocrx_word' id='word_1_75' title='bbox 499 1176 573 1253; x_wconf 81' lang='grc' dir='ltr'><strong><em>τοός</em></strong></span> <span class='ocrx_word' id='word_1_76' title='bbox 594 1175 744 1262; x_wconf 73' lang='grc' dir='ltr'><strong><em>ἀρχιερεῖς</em></strong></span> <span class='ocrx_word' id='word_1_77' title='bbox 764 1172 903 1259; x_wconf 76' lang='grc' dir='ltr'><strong><em>ὁμονοεῖν</em></strong></span> <span class='ocrx_word' id='word_1_78' title='bbox 917 1177 1035 1243; x_wconf 71' lang='grc' dir='ltr'><strong><em>πείθειν</em></strong></span> <span class='ocrx_word' id='word_1_79' title='bbox 1055 1173 1121 1258; x_wconf 81' lang='grc' dir='ltr'><strong><em>ἅμα</em></strong></span> <span class='ocrx_word' id='word_1_80' title='bbox 1137 1178 1188 1242; x_wconf 80' lang='grc' dir='ltr'><strong><em>καλ</em></strong></span> <span class='ocrx_word' id='word_1_81' title='bbox 1200 1183 1245 1268; x_wconf 77' lang='grc' dir='ltr'><strong><em>τῷ</em></strong></span> 
     </span>
     <span class='ocr_line' id='line_1_10' title="bbox 143 1275 1246 1365; baseline -0.003 -18"><span class='ocrx_word' id='word_1_82' title='bbox 143 1281 185 1347; x_wconf 82' lang='grc' dir='ltr'><strong><em>τό</em></strong></span> <span class='ocrx_word' id='word_1_83' title='bbox 200 1275 371 1361; x_wconf 73' lang='grc' dir='ltr'><strong><em>αότιόματα</em></strong></span> <span class='ocrx_word' id='word_1_84' title='bbox 385 1276 568 1364; x_wconf 69' lang='grc' dir='ltr'><strong><em>θεραπεύειν</em></strong></span> <span class='ocrx_word' id='word_1_85' title='bbox 583 1276 722 1348; x_wconf 86' lang='grc' dir='ltr'><strong><em>κελεόειν.</em></strong></span> <span class='ocrx_word' id='word_1_86' title='bbox 773 1278 814 1344; x_wconf 85' lang='grc' dir='ltr'><strong><em>τά</em></strong></span> <span class='ocrx_word' id='word_1_87' title='bbox 826 1277 886 1365; x_wconf 89' lang='grc' dir='ltr'>γάρ</span> <span class='ocrx_word' id='word_1_88' title='bbox 901 1285 958 1345; x_wconf 80' lang='grc' dir='ltr'><strong><em>τοῦ</em></strong></span> <span class='ocrx_word' id='word_1_89' title='bbox 969 1279 1160 1346; x_wconf 80' lang='grc' dir='ltr'><strong><em>Ἀθανασόοσ</em></strong></span> <span class='ocrx_word' id='word_1_90' title='bbox 1177 1280 1246 1345; x_wconf 75' lang='grc' dir='ltr'><strong><em>κόν-</em></strong></span> 
     </span>
     <span class='ocr_line' id='line_1_11' title="bbox 99 1378 1244 1470; baseline -0.003 -18"><span class='ocrx_word' id='word_1_91' title='bbox 99 1398 206 1470; x_wconf 79' lang='lat' dir='ltr'>torpor</span> <span class='ocrx_word' id='word_1_92' title='bbox 225 1383 282 1467; x_wconf 83' lang='grc' dir='ltr'>τὴν</span> <span class='ocrx_word' id='word_1_93' title='bbox 307 1381 402 1468; x_wconf 79' lang='grc' dir='ltr'><strong><em>οόλῆν</em></strong></span> <span class='ocrx_word' id='word_1_94' title='bbox 419 1379 571 1462; x_wconf 78' lang='grc' dir='ltr'><strong><em>όπέκνιζε·</em></strong></span> <span class='ocrx_word' id='word_1_95' title='bbox 603 1383 684 1466; x_wconf 80' lang='grc' dir='ltr'><strong><em>μηδὲ</em></strong></span> <span class='ocrx_word' id='word_1_96' title='bbox 702 1380 761 1468; x_wconf 85' lang='grc' dir='ltr'>γάρ</span> <span class='ocrx_word' id='word_1_97' title='bbox 785 1379 861 1466; x_wconf 73' lang='grc' dir='ltr'><strong><em>ἔχειν</em></strong></span> <span class='ocrx_word' id='word_1_98' title='bbox 874 1380 955 1459; x_wconf 79' lang='grc' dir='ltr'><strong><em>ὅλοις</em></strong></span> <span class='ocrx_word' id='word_1_99' title='bbox 973 1381 1068 1449; x_wconf 73' lang='lat' dir='ltr'>odedu</span> <span class='ocrx_word' id='word_1_100' title='bbox 1084 1378 1244 1470; x_wconf 73' lang='grc' dir='ltr'><strong><em>εῖρηνεόειν</em></strong></span> 
     </span>
     <span class='ocr_line' id='line_1_12' title="bbox 144 1482 1247 1574; baseline 0.001 -22"><span class='ocrx_word' id='word_1_101' title='bbox 144 1489 198 1552; x_wconf 74' lang='grc' dir='ltr'><strong><em>καὶ</em></strong></span> <span class='ocrx_word' id='word_1_102' title='bbox 211 1485 268 1560; x_wconf 77' lang='grc' dir='ltr'><strong><em>τὰς</em></strong></span> <span class='ocrx_word' id='word_1_103' title='bbox 281 1482 459 1573; x_wconf 83' lang='grc' dir='ltr'><strong><em>ἀρδςλόειν,</em></strong></span> <span class='ocrx_word' id='word_1_104' title='bbox 475 1483 514 1563; x_wconf 83' lang='grc' dir='ltr'>ἃς</span> <span class='ocrx_word' id='word_1_105' title='bbox 527 1483 627 1563; x_wconf 78' lang='grc' dir='ltr'><strong><em>οὕτως</em></strong></span> <span class='ocrx_word' id='word_1_106' title='bbox 640 1485 886 1570; x_wconf 74' lang='grc' dir='ltr'><strong><em>ε’μπερισκόπτιος</em></strong></span> <span class='ocrx_word' id='word_1_107' title='bbox 895 1487 1032 1572; x_wconf 69' lang='grc' dir='ltr'><strong><em>καθίστη</em></strong></span> <span class='ocrx_word' id='word_1_108' title='bbox 1044 1489 1096 1553; x_wconf 76' lang='grc' dir='ltr'><strong><em>καὶ</em></strong></span> <span class='ocrx_word' id='word_1_109' title='bbox 1110 1492 1247 1574; x_wconf 80' lang='grc' dir='ltr'><strong><em>φρικτῶς</em></strong></span> 
     </span>
     <span class='ocr_line' id='line_1_13' title="bbox 146 1581 1285 1677; baseline -0.002 -21"><span class='ocrx_word' id='word_1_110' title='bbox 146 1586 296 1676; x_wconf 78' lang='grc' dir='ltr'><strong><em>ἀφώριζε,</em></strong></span> <span class='ocrx_word' id='word_1_111' title='bbox 331 1589 376 1672; x_wconf 75' lang='grc' dir='ltr'>μὴ</span> <span class='ocrx_word' id='word_1_112' title='bbox 401 1587 457 1656; x_wconf 86' lang='grc' dir='ltr'>τδν</span> <span class='ocrx_word' id='word_1_113' title='bbox 482 1585 601 1677; x_wconf 79' lang='grc' dir='ltr'><strong><em>θρόνον</em></strong></span> <span class='ocrx_word' id='word_1_114' title='bbox 626 1590 677 1654; x_wconf 80' lang='grc' dir='ltr'><strong><em>καλ</em></strong></span> <span class='ocrx_word' id='word_1_115' title='bbox 700 1581 796 1666; x_wconf 72' lang='grc' dir='ltr'><strong><em>αὖθις</em></strong></span> <span class='ocrx_word' id='word_1_116' title='bbox 817 1585 1037 1673; x_wconf 75' lang='grc' dir='ltr'><strong><em>ἀπολαβόντα,</em></strong></span> <span class='ocrx_word' id='word_1_117' title='bbox 1072 1592 1123 1656; x_wconf 77' lang='grc' dir='ltr'><strong><em>καλ</em></strong></span> <span class='ocrx_word' id='word_1_118' title='bbox 1143 1596 1285 1656; x_wconf 71' lang='lat' dir='ltr'>variant)</span> 
     </span>
     <span class='ocr_line' id='line_1_14' title="bbox 143 1686 1248 1782; baseline 0.002 -24"><span class='ocrx_word' id='word_1_119' title='bbox 143 1695 224 1776; x_wconf 73' lang='grc' dir='ltr'><strong><em>μηδὲ</em></strong></span> <span class='ocrx_word' id='word_1_120' title='bbox 237 1699 282 1782; x_wconf 74' lang='grc' dir='ltr'><strong><em>τῷ</em></strong></span> <span class='ocrx_word' id='word_1_121' title='bbox 295 1691 373 1777; x_wconf 71' lang='grc' dir='ltr'><strong><em>παρ’</em></strong></span> <span class='ocrx_word' id='word_1_122' title='bbox 390 1691 487 1759; x_wconf 84' lang='grc' dir='ltr'><strong><em>αδτοῦ</em></strong></span> <span class='ocrx_word' id='word_1_123' title='bbox 501 1699 558 1775; x_wconf 83' lang='grc' dir='ltr'><strong><em>τῆς</em></strong></span> <span class='ocrx_word' id='word_1_124' title='bbox 576 1686 692 1768; x_wconf 79' lang='grc' dir='ltr'><strong><em>λόσειος</em></strong></span> <span class='ocrx_word' id='word_1_125' title='bbox 705 1688 864 1778; x_wconf 86' lang='grc' dir='ltr'><strong><em>γρόμματι</em></strong></span> <span class='ocrx_word' id='word_1_126' title='bbox 885 1691 921 1758; x_wconf 84' lang='grc' dir='ltr'><strong><em>τό</em></strong></span> <span class='ocrx_word' id='word_1_127' title='bbox 938 1689 1025 1778; x_wconf 80' lang='grc' dir='ltr'><strong><em>ἅγιος</em></strong></span> <span class='ocrx_word' id='word_1_128' title='bbox 1038 1693 1248 1779; x_wconf 76' lang='grc' dir='ltr'><strong><em>προστιθέντα</em></strong></span> 
     </span>
     <span class='ocr_line' id='line_1_15' title="bbox 143 1791 1247 1886; baseline 0.001 -24"><span class='ocrx_word' id='word_1_129' title='bbox 143 1795 225 1862; x_wconf 80' lang='grc' dir='ltr'><strong><em>κατὰ</em></strong></span> <span class='ocrx_word' id='word_1_130' title='bbox 245 1795 282 1861; x_wconf 88' lang='grc' dir='ltr'><strong><em>τό</em></strong></span> <span class='ocrx_word' id='word_1_131' title='bbox 307 1791 444 1880; x_wconf 79' lang='grc' dir='ltr'><strong><em>σόνηθες</em></strong></span> <span class='ocrx_word' id='word_1_132' title='bbox 463 1801 508 1886; x_wconf 76' lang='grc' dir='ltr'><strong><em>τῷ</em></strong></span> <span class='ocrx_word' id='word_1_133' title='bbox 527 1803 584 1861; x_wconf 80' lang='grc' dir='ltr'><strong><em>τοῦ</em></strong></span> <span class='ocrx_word' id='word_1_134' title='bbox 604 1794 756 1876; x_wconf 69' lang='grc' dir='ltr'><strong><em>βασιλέως</em></strong></span> <span class='ocrx_word' id='word_1_135' title='bbox 781 1792 930 1878; x_wconf 87' lang='grc' dir='ltr'><strong><em>όνόματι,</em></strong></span> <span class='ocrx_word' id='word_1_136' title='bbox 966 1793 1013 1862; x_wconf 85' lang='grc' dir='ltr'><strong><em>ότι</em></strong></span> <span class='ocrx_word' id='word_1_137' title='bbox 1036 1795 1108 1862; x_wconf 77' lang='grc' dir='ltr'><strong><em>οὐδ’</em></strong></span> <span class='ocrx_word' id='word_1_138' title='bbox 1135 1797 1247 1874; x_wconf 70' lang='lat' dir='ltr'>luetone</span> 
     </span>
     <span class='ocr_line' id='line_1_16' title="bbox 99 1895 1246 1988; baseline 0.003 -24"><span class='ocrx_word' id='word_1_139' title='bbox 99 1915 136 1972; x_wconf 82' lang='lat'>15</span> <span class='ocrx_word' id='word_1_140' title='bbox 144 1898 249 1986; x_wconf 66' lang='grc' dir='ltr'><strong><em>ἠρέμει</em></strong></span> <span class='ocrx_word' id='word_1_141' title='bbox 263 1901 297 1965; x_wconf 79' lang='grc' dir='ltr'><strong><em>ἐν</em></strong></span> <span class='ocrx_word' id='word_1_142' title='bbox 319 1895 471 1976; x_wconf 82' lang='grc' dir='ltr'><strong><em>τοιοότοις</em></strong></span> <span class='ocrx_word' id='word_1_143' title='bbox 492 1909 611 1988; x_wconf 79' lang='grc' dir='ltr'><strong><em>καιροῖς</em></strong></span> <span class='ocrx_word' id='word_1_144' title='bbox 631 1904 689 1965; x_wconf 78' lang='grc' dir='ltr'><strong><em>τοῦ</em></strong></span> <span class='ocrx_word' id='word_1_145' title='bbox 716 1895 913 1978; x_wconf 86' lang='grc' dir='ltr'><strong><em>σκανδόλοο,</em></strong></span> <span class='ocrx_word' id='word_1_146' title='bbox 947 1897 1027 1966; x_wconf 80' lang='grc' dir='ltr'><strong><em>ἀλλὰ</em></strong></span> <span class='ocrx_word' id='word_1_147' title='bbox 1052 1899 1111 1977; x_wconf 82' lang='grc' dir='ltr'><strong><em>τός</em></strong></span> <span class='ocrx_word' id='word_1_148' title='bbox 1140 1897 1246 1987; x_wconf 80' lang='grc' dir='ltr'><strong><em>θόρας</em></strong></span> 
     </span>
    </p>
   </div>
   <div class='ocr_carea' id='block_1_3' title="bbox 134 2078 1250 4154">
    <p class='ocr_par' dir='ltr' id='par_1_3' title="bbox 134 2078 1250 4154">
     <span class='ocr_line' id='line_1_17' title="bbox 144 2078 1247 2150; baseline 0 -18"><span class='ocrx_word' id='word_1_149' title='bbox 144 2085 172 2132; x_wconf 89' lang='lat' dir='ltr'>et</span> <span class='ocrx_word' id='word_1_150' title='bbox 193 2078 315 2150; x_wconf 79' lang='lat' dir='ltr'><strong>prudenti</strong></span> <span class='ocrx_word' id='word_1_151' title='bbox 336 2078 430 2133; x_wconf 88' lang='lat' dir='ltr'>indicio</span> <span class='ocrx_word' id='word_1_152' title='bbox 447 2078 635 2134; x_wconf 69' lang='lat' dir='ltr'>administratio</span> <span class='ocrx_word' id='word_1_153' title='bbox 656 2079 778 2132; x_wconf 90' lang='lat' dir='ltr'>bonorum</span> <span class='ocrx_word' id='word_1_154' title='bbox 794 2078 921 2132; x_wconf 87' lang='lat' dir='ltr'>eecleeiae</span> <span class='ocrx_word' id='word_1_155' title='bbox 936 2081 1011 2132; x_wconf 83' lang='lat' dir='ltr'>recto</span> <span class='ocrx_word' id='word_1_156' title='bbox 1031 2096 1062 2133; x_wconf 85' lang='lat' dir='ltr'>ao</span> <span class='ocrx_word' id='word_1_157' title='bbox 1078 2083 1156 2148; x_wconf 87' lang='lat' dir='ltr'>prout</span> <span class='ocrx_word' id='word_1_158' title='bbox 1172 2078 1247 2132; x_wconf 85' lang='lat' dir='ltr'>decet</span> 
     </span>
     <span class='ocr_line' id='line_1_18' title="bbox 144 2147 1248 2218; baseline -0.001 -17"><span class='ocrx_word' id='word_1_159' title='bbox 144 2148 304 2217; x_wconf 83' lang='lat' dir='ltr'>gereretnr.”</span> <span class='ocrx_word' id='word_1_160' title='bbox 336 2149 401 2202; x_wconf 80' lang='lat' dir='ltr'>haee</span> <span class='ocrx_word' id='word_1_161' title='bbox 417 2155 446 2202; x_wconf 91' lang='lat' dir='ltr'>et</span> <span class='ocrx_word' id='word_1_162' title='bbox 461 2152 542 2203; x_wconf 86' lang='lat' dir='ltr'>multa</span> <span class='ocrx_word' id='word_1_163' title='bbox 557 2149 682 2202; x_wconf 68' lang='lat' dir='ltr'>eiusmodi</span> <span class='ocrx_word' id='word_1_164' title='bbox 697 2147 798 2200; x_wconf 82' lang='lat' dir='ltr'>libellus</span> <span class='ocrx_word' id='word_1_165' title='bbox 814 2148 990 2218; x_wconf 86' lang='lat' dir='ltr'>epiecoporum</span> <span class='ocrx_word' id='word_1_166' title='bbox 1007 2147 1174 2212; x_wconf 79' lang='lat' dir='ltr'>oodtinebet,</span> <span class='ocrx_word' id='word_1_167' title='bbox 1190 2149 1248 2218; x_wconf 88' lang='lat' dir='ltr'>qni-</span> 
     </span>
     <span class='ocr_line' id='line_1_19' title="bbox 144 2217 1248 2287; baseline 0 -17"><span class='ocrx_word' id='word_1_168' title='bbox 144 2219 193 2270; x_wconf 86' lang='lat' dir='ltr'>bna</span> <span class='ocrx_word' id='word_1_169' title='bbox 207 2218 347 2272; x_wconf 84' lang='lat' dir='ltr'>etudebaat</span> <span class='ocrx_word' id='word_1_170' title='bbox 361 2234 432 2272; x_wconf 89' lang='lat' dir='ltr'>reum</span> <span class='ocrx_word' id='word_1_171' title='bbox 450 2225 496 2272; x_wconf 85' lang='lat' dir='ltr'>eat</span> <span class='ocrx_word' id='word_1_172' title='bbox 517 2218 607 2272; x_wconf 85' lang='lat' dir='ltr'>aaltem</span> <span class='ocrx_word' id='word_1_173' title='bbox 620 2224 769 2286; x_wconf 34' lang='lat' dir='ltr'>,empectun</span> <span class='ocrx_word' id='word_1_174' title='bbox 792 2217 861 2286; x_wconf 88' lang='lat' dir='ltr'>apud</span> <span class='ocrx_word' id='word_1_175' title='bbox 878 2217 1056 2286; x_wconf 74' lang='lat' dir='ltr'>imperatorem</span> <span class='ocrx_word' id='word_1_176' title='bbox 1073 2217 1182 2272; x_wconf 86' lang='lat' dir='ltr'>reddere</span> <span class='ocrx_word' id='word_1_177' title='bbox 1198 2234 1248 2287; x_wconf 85' lang='lat' dir='ltr'>pa-</span> 
     </span>
     <span class='ocr_line' id='line_1_20' title="bbox 143 2285 1247 2358; baseline 0 -20"><span class='ocrx_word' id='word_1_178' title='bbox 143 2286 291 2354; x_wconf 85' lang='lat' dir='ltr'>triarcham,</span> <span class='ocrx_word' id='word_1_179' title='bbox 311 2303 394 2358; x_wconf 88' lang='lat' dir='ltr'>aquo</span> <span class='ocrx_word' id='word_1_180' title='bbox 413 2304 443 2341; x_wconf 86' lang='lat' dir='ltr'>ee</span> <span class='ocrx_word' id='word_1_181' title='bbox 459 2287 655 2357; x_wconf 84' lang='lat' dir='ltr'>participatione</span> <span class='ocrx_word' id='word_1_182' title='bbox 671 2286 830 2339; x_wconf 77' lang='lat' dir='ltr'>oonsiliornm</span> <span class='ocrx_word' id='word_1_183' title='bbox 847 2285 963 2338; x_wconf 84' lang='lat' dir='ltr'>eroluaoa</span> <span class='ocrx_word' id='word_1_184' title='bbox 980 2293 1008 2338; x_wconf 91' lang='lat' dir='ltr'>et</span> <span class='ocrx_word' id='word_1_185' title='bbox 1024 2287 1099 2357; x_wconf 84' lang='lat' dir='ltr'>quael</span> <span class='ocrx_word' id='word_1_186' title='bbox 1114 2285 1247 2340; x_wconf 74' lang='lat' dir='ltr'>abdicatos</span> 
     </span>
     <span class='ocr_line' id='line_1_21' title="bbox 144 2353 1249 2427; baseline 0.001 -20"><span class='ocrx_word' id='word_1_187' title='bbox 144 2355 273 2410; x_wconf 77' lang='lat' dir='ltr'>dolebant</span> <span class='ocrx_word' id='word_1_188' title='bbox 307 2373 340 2409; x_wconf 93' lang='lat' dir='ltr'>ea</span> <span class='ocrx_word' id='word_1_189' title='bbox 357 2371 412 2408; x_wconf 87' lang='lat' dir='ltr'>cnm</span> <span class='ocrx_word' id='word_1_190' title='bbox 436 2356 580 2427; x_wconf 67' lang='lat' dir='ltr'>accepisset</span> <span class='ocrx_word' id='word_1_191' title='bbox 600 2355 756 2426; x_wconf 88' lang='lat' dir='ltr'>imperator,</span> <span class='ocrx_word' id='word_1_192' title='bbox 777 2353 877 2408; x_wconf 87' lang='lat' dir='ltr'>remieit</span> <span class='ocrx_word' id='word_1_193' title='bbox 900 2355 944 2408; x_wconf 89' lang='lat' dir='ltr'>ille</span> <span class='ocrx_word' id='word_1_194' title='bbox 966 2354 1069 2426; x_wconf 86' lang='lat' dir='ltr'>quidem</span> <span class='ocrx_word' id='word_1_195' title='bbox 1092 2355 1249 2425; x_wconf 71' lang='lat' dir='ltr'>multanda</span> 
     </span>
     <span class='ocr_line' id='line_1_22' title="bbox 142 2423 1248 2497; baseline 0 -20"><span class='ocrx_word' id='word_1_196' title='bbox 142 2423 187 2477; x_wconf 92' lang='lat' dir='ltr'>illo</span> <span class='ocrx_word' id='word_1_197' title='bbox 202 2424 346 2478; x_wconf 81' lang='lat' dir='ltr'>uelaemeau&#39;</span> <span class='ocrx_word' id='word_1_198' title='bbox 362 2424 461 2479; x_wconf 79' lang='lat' dir='ltr'>ellectu</span> <span class='ocrx_word' id='word_1_199' title='bbox 477 2442 528 2497; x_wconf 90' lang='lat' dir='ltr'>qno</span> <span class='ocrx_word' id='word_1_200' title='bbox 544 2425 618 2496; x_wconf 83' lang='lat' dir='ltr'>priua</span> <span class='ocrx_word' id='word_1_201' title='bbox 632 2424 805 2494; x_wconf 76' lang='lat' dir='ltr'>patriercham</span> <span class='ocrx_word' id='word_1_202' title='bbox 822 2423 1033 2493; x_wconf 84' lang='lat' dir='ltr'>empleetabatur,</span> <span class='ocrx_word' id='word_1_203' title='bbox 1049 2431 1201 2478; x_wconf 88' lang='lat' dir='ltr'>nontamen</span> <span class='ocrx_word' id='word_1_204' title='bbox 1217 2429 1248 2477; x_wconf 92' lang='lat' dir='ltr'>nt</span> 
     </span>
     <span class='ocr_line' id='line_1_23' title="bbox 142 2492 1248 2564; baseline 0.001 -19"><span class='ocrx_word' id='word_1_205' title='bbox 142 2492 254 2546; x_wconf 83' lang='lat' dir='ltr'>deiicere</span> <span class='ocrx_word' id='word_1_206' title='bbox 273 2493 343 2547; x_wconf 87' lang='lat' dir='ltr'>illam</span> <span class='ocrx_word' id='word_1_207' title='bbox 364 2494 457 2547; x_wconf 78' lang='lat' dir='ltr'>throno</span> <span class='ocrx_word' id='word_1_208' title='bbox 479 2495 555 2564; x_wconf 84' lang='lat' dir='ltr'>plane</span> <span class='ocrx_word' id='word_1_209' title='bbox 573 2496 741 2548; x_wconf 73' lang='lat' dir='ltr'>decerneret:</span> <span class='ocrx_word' id='word_1_210' title='bbox 762 2493 823 2564; x_wconf 90' lang='lat' dir='ltr'>quin</span> <span class='ocrx_word' id='word_1_211' title='bbox 848 2493 934 2564; x_wconf 85' lang='lat' dir='ltr'>potina</span> <span class='ocrx_word' id='word_1_212' title='bbox 956 2495 1049 2547; x_wconf 83' lang='lat' dir='ltr'>atatuit</span> <span class='ocrx_word' id='word_1_213' title='bbox 1064 2494 1175 2564; x_wconf 80' lang='lat' dir='ltr'>terrignu</span> <span class='ocrx_word' id='word_1_214' title='bbox 1191 2501 1248 2548; x_wconf 84' lang='lat' dir='ltr'>tra·</span> 
     </span>
     <span class='ocr_line' id='line_1_24' title="bbox 143 2561 1248 2646; baseline 0 -30"><span class='ocrx_word' id='word_1_215' title='bbox 143 2562 258 2616; x_wconf 72' lang='lat' dir='ltr'>atatim</span> <span class='ocrx_word' id='word_1_216' title='bbox 272 2563 354 2646; x_wconf 87' lang='lat' dir='ltr'>ipeum</span> <span class='ocrx_word' id='word_1_217' title='bbox 372 2568 400 2614; x_wconf 88' lang='lat' dir='ltr'>et</span> <span class='ocrx_word' id='word_1_218' title='bbox 414 2563 573 2632; x_wconf 68' lang='lat' dir='ltr'>indulgentia</span> <span class='ocrx_word' id='word_1_219' title='bbox 588 2563 725 2634; x_wconf 78' lang='lat' dir='ltr'>pellicere,</span> <span class='ocrx_word' id='word_1_220' title='bbox 742 2561 766 2616; x_wconf 89' lang='lat' dir='ltr'>ai</span> <span class='ocrx_word' id='word_1_221' title='bbox 782 2569 886 2632; x_wconf 84' lang='lat' dir='ltr'>poeeet,</span> <span class='ocrx_word' id='word_1_222' title='bbox 904 2563 937 2616; x_wconf 87' lang='lat' dir='ltr'>ad</span> <span class='ocrx_word' id='word_1_223' title='bbox 952 2564 1130 2616; x_wconf 74' lang='lat' dir='ltr'>resumendum</span> <span class='ocrx_word' id='word_1_224' title='bbox 1146 2561 1248 2618; x_wconf 84' lang='lat' dir='ltr'>exerei-</span> 
     </span>
     <span class='ocr_line' id='line_1_25' title="bbox 142 2631 1248 2703; baseline 0 -19"><span class='ocrx_word' id='word_1_225' title='bbox 142 2632 205 2685; x_wconf 83' lang='lat' dir='ltr'>tium</span> <span class='ocrx_word' id='word_1_226' title='bbox 228 2631 407 2702; x_wconf 85' lang='lat' dir='ltr'>patnarolralia</span> <span class='ocrx_word' id='word_1_227' title='bbox 428 2633 581 2702; x_wconf 87' lang='lat' dir='ltr'>poteatetie,</span> <span class='ocrx_word' id='word_1_228' title='bbox 602 2637 690 2686; x_wconf 73' lang='lat' dir='ltr'>oertm</span> <span class='ocrx_word' id='word_1_229' title='bbox 713 2639 800 2685; x_wconf 88' lang='lat' dir='ltr'>tamen</span> <span class='ocrx_word' id='word_1_230' title='bbox 821 2649 873 2684; x_wconf 92' lang='lat' dir='ltr'>non</span> <span class='ocrx_word' id='word_1_231' title='bbox 887 2631 1045 2687; x_wconf 84' lang='lat' dir='ltr'>deaeendere</span> <span class='ocrx_word' id='word_1_232' title='bbox 1060 2631 1184 2703; x_wconf 74' lang='lat' dir='ltr'>amplius,</span> <span class='ocrx_word' id='word_1_233' title='bbox 1208 2631 1248 2684; x_wconf 86' lang='lat' dir='ltr'>uti</span> 
     </span>
     <span class='ocr_line' id='line_1_26' title="bbox 142 2700 1249 2772; baseline 0.002 -18"><span class='ocrx_word' id='word_1_234' title='bbox 142 2709 219 2754; x_wconf 87' lang='lat' dir='ltr'>antee</span> <span class='ocrx_word' id='word_1_235' title='bbox 234 2701 351 2766; x_wconf 62' lang='lat' dir='ltr'>moeret,</span> <span class='ocrx_word' id='word_1_236' title='bbox 370 2717 451 2771; x_wconf 84' lang='lat' dir='ltr'>neque</span> <span class='ocrx_word' id='word_1_237' title='bbox 467 2701 501 2755; x_wconf 89' lang='lat' dir='ltr'>ad</span> <span class='ocrx_word' id='word_1_238' title='bbox 518 2717 610 2772; x_wconf 87' lang='lat' dir='ltr'>preoee</span> <span class='ocrx_word' id='word_1_239' title='bbox 626 2700 734 2754; x_wconf 72' lang='lat' dir='ltr'>humiles</span> <span class='ocrx_word' id='word_1_240' title='bbox 751 2709 779 2753; x_wconf 86' lang='lat' dir='ltr'>et</span> <span class='ocrx_word' id='word_1_241' title='bbox 794 2700 980 2755; x_wconf 68' lang='lat' dir='ltr'>declarationes</span> <span class='ocrx_word' id='word_1_242' title='bbox 996 2711 1064 2772; x_wconf 85' lang='lat' dir='ltr'>quae</span> <span class='ocrx_word' id='word_1_243' title='bbox 1081 2710 1187 2772; x_wconf 85' lang='lat' dir='ltr'>poeaent</span> <span class='ocrx_word' id='word_1_244' title='bbox 1203 2717 1249 2756; x_wconf 90' lang='lat' dir='ltr'>re-</span> 
     </span>
     <span class='ocr_line' id='line_1_27' title="bbox 141 2769 1249 2854; baseline 0 -32"><span class='ocrx_word' id='word_1_245' title='bbox 141 2769 281 2823; x_wconf 71' lang='lat' dir='ltr'>luctantem</span> <span class='ocrx_word' id='word_1_246' title='bbox 297 2787 406 2838; x_wconf 78' lang='lat' dir='ltr'>eogere,</span> <span class='ocrx_word' id='word_1_247' title='bbox 422 2769 575 2825; x_wconf 88' lang='lat' dir='ltr'>obfirmatae</span> <span class='ocrx_word' id='word_1_248' title='bbox 591 2769 624 2822; x_wconf 88' lang='lat' dir='ltr'>ed</span> <span class='ocrx_word' id='word_1_249' title='bbox 640 2769 826 2854; x_wconf 82' lang='lat' dir='ltr'>impetrandum</span> <span class='ocrx_word' id='word_1_250' title='bbox 842 2769 997 2836; x_wconf 74' lang='lat' dir='ltr'>voluntatle3</span> <span class='ocrx_word' id='word_1_251' title='bbox 1022 2770 1086 2824; x_wconf 84' lang='lat' dir='ltr'>eatie</span> <span class='ocrx_word' id='word_1_252' title='bbox 1102 2770 1249 2824; x_wconf 77' lang='lat' dir='ltr'>existimor</span> 
     </span>
     <span class='ocr_line' id='line_1_28' title="bbox 143 2839 1249 2908; baseline 0 -16"><span class='ocrx_word' id='word_1_253' title='bbox 143 2855 211 2892; x_wconf 86' lang='lat' dir='ltr'>anno</span> <span class='ocrx_word' id='word_1_254' title='bbox 226 2840 299 2902; x_wconf 85' lang='lat' dir='ltr'>iore,</span> <span class='ocrx_word' id='word_1_255' title='bbox 317 2839 339 2891; x_wconf 87' lang='lat' dir='ltr'>ei</span> <span class='ocrx_word' id='word_1_256' title='bbox 355 2845 414 2908; x_wconf 82' lang='lat' dir='ltr'>poet</span> <span class='ocrx_word' id='word_1_257' title='bbox 429 2839 567 2908; x_wconf 80' lang='lat' dir='ltr'>benignam</span> <span class='ocrx_word' id='word_1_258' title='bbox 583 2839 758 2892; x_wconf 71' lang='lat' dir='ltr'>invitationem</span> <span class='ocrx_word' id='word_1_259' title='bbox 776 2839 875 2892; x_wconf 85' lang='lat' dir='ltr'>reverti</span> <span class='ocrx_word' id='word_1_260' title='bbox 890 2855 941 2908; x_wconf 92' lang='lat' dir='ltr'>quo</span> <span class='ocrx_word' id='word_1_261' title='bbox 959 2839 1101 2892; x_wconf 82' lang='lat' dir='ltr'>vocabatur</span> <span class='ocrx_word' id='word_1_262' title='bbox 1116 2840 1186 2893; x_wconf 90' lang='lat' dir='ltr'>ultro</span> <span class='ocrx_word' id='word_1_263' title='bbox 1201 2855 1249 2892; x_wconf 88' lang='lat' dir='ltr'>an-</span> 
     </span>
     <span class='ocr_line' id='line_1_29' title="bbox 142 2907 1249 3028; baseline -0.001 -67"><span class='ocrx_word' id='word_1_264' title='bbox 142 2914 263 2961; x_wconf 89' lang='lat' dir='ltr'>nuentem</span> <span class='ocrx_word' id='word_1_265' title='bbox 279 2908 401 2961; x_wconf 80' lang='lat' dir='ltr'>benevole</span> <span class='ocrx_word' id='word_1_266' title='bbox 418 2908 579 2978; x_wconf 74' lang='lat' dir='ltr'>ruedperet,</span> <span class='ocrx_word' id='word_1_267' title='bbox 605 2909 682 3028; x_wconf 63' lang='lat' dir='ltr'>eipue</span> <span class='ocrx_word' id='word_1_268' title='bbox 699 2907 834 2960; x_wconf 80' lang='lat' dir='ltr'>eonodiare</span> <span class='ocrx_word' id='word_1_269' title='bbox 849 2908 972 2960; x_wconf 83' lang='lat' dir='ltr'>adreraoe</span> <span class='ocrx_word' id='word_1_270' title='bbox 988 2909 1117 2961; x_wconf 70' lang='lat' dir='ltr'>antistites</span> <span class='ocrx_word' id='word_1_271' title='bbox 1132 2909 1249 2964; x_wconf 76' lang='lat' dir='ltr'>studeret</span> 
     </span>
     <span class='ocr_line' id='line_1_30' title="bbox 142 2976 1250 3046; baseline 0.002 -17"><span class='ocrx_word' id='word_1_272' title='bbox 142 2976 275 3030; x_wconf 68' lang='lat' dir='ltr'>audenda</span> <span class='ocrx_word' id='word_1_273' title='bbox 291 2977 323 3029; x_wconf 87' lang='lat' dir='ltr'>iir</span> <span class='ocrx_word' id='word_1_274' title='bbox 341 2994 397 3030; x_wconf 89' lang='lat' dir='ltr'>oum</span> <span class='ocrx_word' id='word_1_275' title='bbox 412 2977 457 3029; x_wconf 91' lang='lat' dir='ltr'>illo</span> <span class='ocrx_word' id='word_1_276' title='bbox 475 2976 619 3043; x_wconf 73' lang='lat' dir='ltr'>munandin,</span> <span class='ocrx_word' id='word_1_277' title='bbox 653 2979 770 3046; x_wconf 84' lang='lat' dir='ltr'>endaque</span> <span class='ocrx_word' id='word_1_278' title='bbox 785 2993 865 3045; x_wconf 92' lang='lat' dir='ltr'>opera</span> <span class='ocrx_word' id='word_1_279' title='bbox 881 2982 911 3028; x_wconf 90' lang='lat' dir='ltr'>ut</span> <span class='ocrx_word' id='word_1_280' title='bbox 926 2977 1030 3032; x_wconf 84' lang='lat' dir='ltr'>obiecta</span> <span class='ocrx_word' id='word_1_281' title='bbox 1046 2977 1070 3029; x_wconf 93' lang='lat' dir='ltr'>ei</span> <span class='ocrx_word' id='word_1_282' title='bbox 1085 2977 1193 3030; x_wconf 83' lang='lat' dir='ltr'>crimina</span> <span class='ocrx_word' id='word_1_283' title='bbox 1208 2977 1250 3032; x_wconf 90' lang='lat' dir='ltr'>in·</span> 
     </span>
     <span class='ocr_line' id='line_1_31' title="bbox 145 3045 1249 3129; baseline 0.005 -33"><span class='ocrx_word' id='word_1_284' title='bbox 145 3045 193 3097; x_wconf 85' lang='lat' dir='ltr'>atie</span> <span class='ocrx_word' id='word_1_285' title='bbox 216 3046 409 3114; x_wconf 83' lang='lat' dir='ltr'>purgationibne</span> <span class='ocrx_word' id='word_1_286' title='bbox 433 3046 600 3100; x_wconf 80' lang='lat' dir='ltr'>diluerentur.</span> <span class='ocrx_word' id='word_1_287' title='bbox 634 3063 667 3098; x_wconf 89' lang='lat' dir='ltr'>ne</span> <span class='ocrx_word' id='word_1_288' title='bbox 689 3045 759 3098; x_wconf 86' lang='lat' dir='ltr'>ultra</span> <span class='ocrx_word' id='word_1_289' title='bbox 778 3045 844 3099; x_wconf 83' lang='lat' dir='ltr'>haec</span> <span class='ocrx_word' id='word_1_290' title='bbox 869 3049 954 3098; x_wconf 85' lang='lat' dir='ltr'>conarl</span> <span class='ocrx_word' id='word_1_291' title='bbox 970 3061 1038 3098; x_wconf 83' lang='lat' dir='ltr'>nune</span> <span class='ocrx_word' id='word_1_292' title='bbox 1054 3045 1155 3129; x_wconf 77' lang='lat' dir='ltr'>quidem</span> <span class='ocrx_word' id='word_1_293' title='bbox 1172 3062 1249 3102; x_wconf 86' lang='lat' dir='ltr'>cura·</span> 
     </span>
     <span class='ocr_line' id='line_1_32' title="bbox 145 3114 1249 3183; baseline 0.002 -17"><span class='ocrx_word' id='word_1_294' title='bbox 145 3119 197 3174; x_wconf 92' lang='lat' dir='ltr'>ret,</span> <span class='ocrx_word' id='word_1_295' title='bbox 212 3131 276 3166; x_wconf 81' lang='lat' dir='ltr'>nere</span> <span class='ocrx_word' id='word_1_296' title='bbox 292 3116 446 3169; x_wconf 82' lang='lat' dir='ltr'>abhorreret</span> <span class='ocrx_word' id='word_1_297' title='bbox 460 3116 561 3168; x_wconf 87' lang='lat' dir='ltr'>nimium</span> <span class='ocrx_word' id='word_1_298' title='bbox 579 3133 594 3170; x_wconf 90' lang='lat' dir='ltr'>a</span> <span class='ocrx_word' id='word_1_299' title='bbox 611 3114 751 3168; x_wconf 87' lang='lat' dir='ltr'>mutatione</span> <span class='ocrx_word' id='word_1_300' title='bbox 768 3114 902 3183; x_wconf 86' lang='lat' dir='ltr'>praeeulie,</span> <span class='ocrx_word' id='word_1_301' title='bbox 922 3114 1051 3168; x_wconf 79' lang='lat' dir='ltr'>faciebant</span> <span class='ocrx_word' id='word_1_302' title='bbox 1064 3115 1137 3168; x_wconf 75' lang='lat' dir='ltr'>infixi</span> <span class='ocrx_word' id='word_1_303' title='bbox 1154 3115 1249 3168; x_wconf 90' lang='lat' dir='ltr'>dudum</span> 
     </span>
     <span class='ocr_line' id='line_1_33' title="bbox 134 3182 1249 3254; baseline 0.003 -19"><span class='ocrx_word' id='word_1_304' title='bbox 134 3182 204 3235; x_wconf 80' lang='lat' dir='ltr'>eiua</span> <span class='ocrx_word' id='word_1_305' title='bbox 221 3183 302 3236; x_wconf 84' lang='lat' dir='ltr'>enimn</span> <span class='ocrx_word' id='word_1_306' title='bbox 318 3191 347 3236; x_wconf 92' lang='lat' dir='ltr'>et</span> <span class='ocrx_word' id='word_1_307' title='bbox 362 3185 469 3238; x_wconf 80' lang='lat' dir='ltr'>necdum</span> <span class='ocrx_word' id='word_1_308' title='bbox 487 3183 568 3238; x_wconf 86' lang='lat' dir='ltr'>erulei</span> <span class='ocrx_word' id='word_1_309' title='bbox 584 3185 686 3253; x_wconf 81' lang='lat' dir='ltr'>penltua</span> <span class='ocrx_word' id='word_1_310' title='bbox 707 3183 819 3254; x_wconf 81' lang='lat' dir='ltr'>arrupuli</span> <span class='ocrx_word' id='word_1_311' title='bbox 839 3199 871 3236; x_wconf 86' lang='lat' dir='ltr'>ex</span> <span class='ocrx_word' id='word_1_312' title='bbox 887 3183 930 3236; x_wconf 86' lang='lat' dir='ltr'>illa</span> <span class='ocrx_word' id='word_1_313' title='bbox 948 3184 1121 3238; x_wconf 77' lang='lat' dir='ltr'>fulminatione</span> <span class='ocrx_word' id='word_1_314' title='bbox 1136 3183 1249 3238; x_wconf 89' lang='lat' dir='ltr'>dirarum</span> 
     </span>
     <span class='ocr_line' id='line_1_34' title="bbox 144 3251 1249 3325; baseline 0.003 -20"><span class='ocrx_word' id='word_1_315' title='bbox 144 3259 225 3320; x_wconf 85' lang='lat' dir='ltr'>atque</span> <span class='ocrx_word' id='word_1_316' title='bbox 240 3253 428 3307; x_wconf 83' lang='lat' dir='ltr'>anathematum</span> <span class='ocrx_word' id='word_1_317' title='bbox 445 3271 520 3325; x_wconf 86' lang='lat' dir='ltr'>qnam</span> <span class='ocrx_word' id='word_1_318' title='bbox 537 3252 693 3306; x_wconf 76' lang='lat' dir='ltr'>Athaneaiue</span> <span class='ocrx_word' id='word_1_319' title='bbox 709 3252 806 3306; x_wconf 83' lang='lat' dir='ltr'>chartie</span> <span class='ocrx_word' id='word_1_320' title='bbox 827 3251 956 3306; x_wconf 83' lang='lat' dir='ltr'>abetruaie</span> <span class='ocrx_word' id='word_1_321' title='bbox 978 3253 1112 3310; x_wconf 82' lang='lat' dir='ltr'>indiderat·</span> <span class='ocrx_word' id='word_1_322' title='bbox 1146 3257 1249 3308; x_wconf 85' lang='lat' dir='ltr'>coalue-</span> 
     </span>
     <span class='ocr_line' id='line_1_35' title="bbox 143 3321 1249 3394; baseline 0.003 -21"><span class='ocrx_word' id='word_1_323' title='bbox 143 3327 205 3373; x_wconf 88' lang='lat' dir='ltr'>rant</span> <span class='ocrx_word' id='word_1_324' title='bbox 221 3321 323 3392; x_wconf 89' lang='lat' dir='ltr'>quidem</span> <span class='ocrx_word' id='word_1_325' title='bbox 339 3331 477 3394; x_wconf 80' lang='lat' dir='ltr'>utcumque</span> <span class='ocrx_word' id='word_1_326' title='bbox 493 3324 600 3376; x_wconf 84' lang='lat' dir='ltr'>vulnera</span> <span class='ocrx_word' id='word_1_327' title='bbox 614 3321 776 3376; x_wconf 73' lang='lat' dir='ltr'>formidinum</span> <span class='ocrx_word' id='word_1_328' title='bbox 794 3321 910 3390; x_wconf 87' lang='lat' dir='ltr'>illarum,</span> <span class='ocrx_word' id='word_1_329' title='bbox 928 3325 979 3375; x_wconf 87' lang='lat' dir='ltr'>non</span> <span class='ocrx_word' id='word_1_330' title='bbox 995 3331 1081 3376; x_wconf 87' lang='lat' dir='ltr'>tamen</span> <span class='ocrx_word' id='word_1_331' title='bbox 1097 3324 1135 3377; x_wconf 88' lang='lat' dir='ltr'>ita</span> <span class='ocrx_word' id='word_1_332' title='bbox 1151 3331 1181 3377; x_wconf 91' lang='lat' dir='ltr'>ut</span> <span class='ocrx_word' id='word_1_333' title='bbox 1198 3339 1249 3377; x_wconf 86' lang='lat' dir='ltr'>non</span> 
     </span>
     <span class='ocr_line' id='line_1_36' title="bbox 142 3389 1250 3476; baseline 0.004 -34"><span class='ocrx_word' id='word_1_334' title='bbox 142 3389 270 3442; x_wconf 88' lang='lat' dir='ltr'>interdum</span> <span class='ocrx_word' id='word_1_335' title='bbox 288 3407 350 3443; x_wconf 83' lang='lat' dir='ltr'>cura</span> <span class='ocrx_word' id='word_1_336' title='bbox 366 3391 426 3444; x_wconf 91' lang='lat' dir='ltr'>inde</span> <span class='ocrx_word' id='word_1_337' title='bbox 442 3392 623 3476; x_wconf 84' lang='lat' dir='ltr'>euperatitioeo</span> <span class='ocrx_word' id='word_1_338' title='bbox 639 3391 747 3461; x_wconf 77' lang='lat' dir='ltr'>principi</span> <span class='ocrx_word' id='word_1_339' title='bbox 761 3407 955 3462; x_wconf 83' lang='lat' dir='ltr'>aupervaoanea</span> <span class='ocrx_word' id='word_1_340' title='bbox 970 3409 1108 3446; x_wconf 82' lang='lat' dir='ltr'>reneaeene</span> <span class='ocrx_word' id='word_1_341' title='bbox 1123 3393 1250 3446; x_wconf 85' lang='lat' dir='ltr'>obdnotaa</span> 
     </span>
     <span class='ocr_line' id='line_1_37' title="bbox 144 3460 1249 3530; baseline 0.003 -19"><span class='ocrx_word' id='word_1_342' title='bbox 144 3460 219 3528; x_wconf 81' lang='lat' dir='ltr'>quari</span> <span class='ocrx_word' id='word_1_343' title='bbox 235 3460 373 3512; x_wconf 66' lang='lat' dir='ltr'>terrimo</span> <span class='ocrx_word' id='word_1_344' title='bbox 388 3461 531 3526; x_wconf 76' lang='grc' dir='ltr'><strong><em>οἰοιετιοει,</em></strong></span> <span class='ocrx_word' id='word_1_345' title='bbox 548 3460 741 3530; x_wconf 87' lang='lat' dir='ltr'>eolieitaretqne</span> <span class='ocrx_word' id='word_1_346' title='bbox 756 3466 917 3530; x_wconf 85' lang='lat' dir='ltr'>reputantem</span> <span class='ocrx_word' id='word_1_347' title='bbox 935 3460 1002 3514; x_wconf 82' lang='lat' dir='ltr'>hand</span> <span class='ocrx_word' id='word_1_348' title='bbox 1017 3461 1100 3514; x_wconf 82' lang='lat' dir='ltr'>videri</span> <span class='ocrx_word' id='word_1_349' title='bbox 1116 3479 1178 3515; x_wconf 82' lang='lat' dir='ltr'>vere</span> <span class='ocrx_word' id='word_1_350' title='bbox 1192 3478 1249 3514; x_wconf 90' lang='lat' dir='ltr'>um·</span> 
     </span>
     <span class='ocr_line' id='line_1_38' title="bbox 143 3529 1248 3599; baseline 0.003 -18"><span class='ocrx_word' id='word_1_351' title='bbox 143 3535 220 3598; x_wconf 82' lang='lat' dir='ltr'>quarn</span> <span class='ocrx_word' id='word_1_352' title='bbox 246 3529 450 3598; x_wconf 84' lang='lat' dir='ltr'>expatriareham</span> <span class='ocrx_word' id='word_1_353' title='bbox 470 3530 540 3584; x_wconf 90' lang='lat' dir='ltr'>illum</span> <span class='ocrx_word' id='word_1_354' title='bbox 563 3529 704 3582; x_wconf 88' lang='lat' dir='ltr'>aolutnrum</span> <span class='ocrx_word' id='word_1_355' title='bbox 727 3531 796 3599; x_wconf 90' lang='lat' dir='ltr'>quod</span> <span class='ocrx_word' id='word_1_356' title='bbox 812 3529 953 3599; x_wconf 70' lang='lat' dir='ltr'>ligaverat,</span> <span class='ocrx_word' id='word_1_357' title='bbox 979 3537 1008 3582; x_wconf 88' lang='lat' dir='ltr'>et</span> <span class='ocrx_word' id='word_1_358' title='bbox 1030 3529 1167 3594; x_wconf 76' lang='lat' dir='ltr'>horribiles</span> <span class='ocrx_word' id='word_1_359' title='bbox 1191 3530 1248 3584; x_wconf 85' lang='lat' dir='ltr'>illae</span> 
     </span>
     <span class='ocr_line' id='line_1_39' title="bbox 143 3598 1250 3682; baseline 0.004 -33"><span class='ocrx_word' id='word_1_360' title='bbox 143 3599 320 3681; x_wconf 68' lang='lat' dir='ltr'>execrationep</span> <span class='ocrx_word' id='word_1_361' title='bbox 336 3599 387 3650; x_wconf 88' lang='lat' dir='ltr'>rite</span> <span class='ocrx_word' id='word_1_362' title='bbox 402 3600 565 3670; x_wconf 79' lang='lat' dir='ltr'>legitimeque</span> <span class='ocrx_word' id='word_1_363' title='bbox 580 3598 753 3664; x_wconf 73' lang='lat' dir='ltr'>renitentem,</span> <span class='ocrx_word' id='word_1_364' title='bbox 770 3598 819 3650; x_wconf 90' lang='lat' dir='ltr'>niei</span> <span class='ocrx_word' id='word_1_365' title='bbox 829 3605 1002 3682; x_wconf 32' lang='lat' dir='ltr'>‘reponeret-ur</span> <span class='ocrx_word' id='word_1_366' title='bbox 1017 3599 1044 3652; x_wconf 90' lang='lat' dir='ltr'>in</span> <span class='ocrx_word' id='word_1_367' title='bbox 1059 3600 1121 3682; x_wconf 76' lang='lat' dir='ltr'>aede</span> <span class='ocrx_word' id='word_1_368' title='bbox 1133 3605 1250 3668; x_wconf 75' lang='lat' dir='ltr'>potenta-</span> 
     </span>
     <span class='ocr_line' id='line_1_40' title="bbox 143 3668 1250 3809; baseline 0.003 -23"><span class='ocrx_word' id='word_1_369' title='bbox 143 3668 1250 3809; x_wconf 54' lang='lat' dir='ltr'>tntrmttttlalfflnllltl‘t‘ltlzlatllttl‘ttt&#39;ll</span> 
     </span>
     <span class='ocr_line' id='line_1_41' title="bbox 143 3803 1249 3877; baseline -0.002 -19"><span class='ocrx_word' id='word_1_370' title='bbox 143 3819 236 3872; x_wconf 85' lang='lat' dir='ltr'>parere</span> <span class='ocrx_word' id='word_1_371' title='bbox 258 3804 375 3859; x_wconf 83' lang='lat' dir='ltr'>convicio</span> <span class='ocrx_word' id='word_1_372' title='bbox 400 3823 555 3876; x_wconf 83' lang='lat' dir='ltr'>expreeaam</span> <span class='ocrx_word' id='word_1_373' title='bbox 572 3807 606 3859; x_wconf 85' lang='lat' dir='ltr'>ab</span> <span class='ocrx_word' id='word_1_374' title='bbox 630 3805 726 3869; x_wconf 82' lang='lat' dir='ltr'>inrito,</span> <span class='ocrx_word' id='word_1_375' title='bbox 748 3823 796 3858; x_wconf 89' lang='lat' dir='ltr'>neo</span> <span class='ocrx_word' id='word_1_376' title='bbox 812 3805 951 3874; x_wconf 83' lang='lat' dir='ltr'>perieulum</span> <span class='ocrx_word' id='word_1_377' title='bbox 977 3807 1070 3860; x_wconf 79' lang='lat' dir='ltr'>aberae</span> <span class='ocrx_word' id='word_1_378' title='bbox 1085 3807 1147 3877; x_wconf 90' lang='lat' dir='ltr'>quin</span> <span class='ocrx_word' id='word_1_379' title='bbox 1165 3803 1205 3856; x_wconf 88' lang='lat' dir='ltr'>uti</span> <span class='ocrx_word' id='word_1_380' title='bbox 1221 3803 1249 3857; x_wconf 83' lang='lat' dir='ltr'>vi</span> 
     </span>
     <span class='ocr_line' id='line_1_42' title="bbox 144 3872 1250 3959; baseline 0 -34"><span class='ocrx_word' id='word_1_381' title='bbox 144 3877 260 3938; x_wconf 66' lang='lat' dir='ltr'>extem,</span> <span class='ocrx_word' id='word_1_382' title='bbox 284 3890 359 3927; x_wconf 74' lang='grc' dir='ltr'><strong><em>σοντι</em></strong></span> <span class='ocrx_word' id='word_1_383' title='bbox 375 3876 471 3929; x_wconf 73' lang='lat' dir='ltr'>eliceto</span> <span class='ocrx_word' id='word_1_384' title='bbox 488 3882 516 3928; x_wconf 88' lang='lat' dir='ltr'>et</span> <span class='ocrx_word' id='word_1_385' title='bbox 532 3875 708 3928; x_wconf 69' lang='lat' dir='ltr'>nulliue&#39;eeeet</span> <span class='ocrx_word' id='word_1_386' title='bbox 730 3875 840 3928; x_wconf 80' lang='lat' dir='ltr'>roboria.</span> <span class='ocrx_word' id='word_1_387' title='bbox 874 3877 1003 3944; x_wconf 84' lang='lat' dir='ltr'>pelluoere</span> <span class='ocrx_word' id='word_1_388' title='bbox 1026 3875 1202 3959; x_wconf 81' lang='lat' dir='ltr'>quinetiam,</span> <span class='ocrx_word' id='word_1_389' title='bbox 1225 3872 1250 3926; x_wconf 87' lang='lat' dir='ltr'>ei</span> 
     </span>
     <span class='ocr_line' id='line_1_43' title="bbox 143 3941 1249 4014; baseline 0.003 -21"><span class='ocrx_word' id='word_1_390' title='bbox 143 3942 202 4010; x_wconf 83' lang='lat' dir='ltr'>qnia</span> <span class='ocrx_word' id='word_1_391' title='bbox 219 3942 383 4013; x_wconf 82' lang='lat' dir='ltr'>introepieiet</span> <span class='ocrx_word' id='word_1_392' title='bbox 399 3945 538 4010; x_wconf 83' lang='lat' dir='ltr'>attentior,</span> <span class='ocrx_word' id='word_1_393' title='bbox 554 3945 628 4013; x_wconf 81' lang='lat' dir='ltr'>aigne</span> <span class='ocrx_word' id='word_1_394' title='bbox 644 3943 711 3996; x_wconf 87' lang='lat' dir='ltr'>male</span> <span class='ocrx_word' id='word_1_395' title='bbox 726 3942 899 3998; x_wconf 84' lang='lat' dir='ltr'>direimulatae</span> <span class='ocrx_word' id='word_1_396' title='bbox 916 3945 976 3999; x_wconf 86' lang='lat' dir='ltr'>talia</span> <span class='ocrx_word' id='word_1_397' title='bbox 992 3945 1018 3997; x_wconf 90' lang='lat' dir='ltr'>in</span> <span class='ocrx_word' id='word_1_398' title='bbox 1034 3941 1249 4014; x_wconf 71' lang='lat' dir='ltr'>rpanAthanaaio</span> 
     </span>
     <span class='ocr_line' id='line_1_44' title="bbox 144 4011 1248 4079; baseline 0.002 -17"><span class='ocrx_word' id='word_1_399' title='bbox 144 4011 287 4066; x_wconf 73' lang='lat' dir='ltr'>tententiae</span> <span class='ocrx_word' id='word_1_400' title='bbox 304 4027 423 4068; x_wconf 74' lang='lat' dir='ltr'>munnae.</span> <span class='ocrx_word' id='word_1_401' title='bbox 457 4031 504 4069; x_wconf 87' lang='lat' dir='ltr'>our</span> <span class='ocrx_word' id='word_1_402' title='bbox 519 4013 586 4067; x_wconf 86' lang='lat' dir='ltr'>enim</span> <span class='ocrx_word' id='word_1_403' title='bbox 602 4011 646 4065; x_wconf 87' lang='lat' dir='ltr'>ille</span> <span class='ocrx_word' id='word_1_404' title='bbox 662 4012 745 4067; x_wconf 85' lang='lat' dir='ltr'>literia</span> <span class='ocrx_word' id='word_1_405' title='bbox 760 4013 793 4066; x_wconf 86' lang='lat' dir='ltr'>de</span> <span class='ocrx_word' id='word_1_406' title='bbox 810 4013 859 4067; x_wconf 89' lang='lat' dir='ltr'>hoo</span> <span class='ocrx_word' id='word_1_407' title='bbox 874 4013 952 4066; x_wconf 82' lang='lat' dir='ltr'>edilia</span> <span class='ocrx_word' id='word_1_408' title='bbox 967 4013 1096 4066; x_wconf 84' lang='lat' dir='ltr'>omiaieaet</span> <span class='ocrx_word' id='word_1_409' title='bbox 1109 4011 1248 4079; x_wconf 87' lang='lat' dir='ltr'>imperato·</span> 
     </span>
     <span class='ocr_line' id='line_1_45' title="bbox 144 4077 1249 4154; baseline 0.003 -23"><span class='ocrx_word' id='word_1_410' title='bbox 144 4077 181 4131; x_wconf 81' lang='lat' dir='ltr'>ria</span> <span class='ocrx_word' id='word_1_411' title='bbox 204 4080 300 4134; x_wconf 84' lang='lat' dir='ltr'>nomini</span> <span class='ocrx_word' id='word_1_412' title='bbox 321 4089 468 4136; x_wconf 84' lang='lat' dir='ltr'>eoaeuetum</span> <span class='ocrx_word' id='word_1_413' title='bbox 490 4083 575 4136; x_wconf 74' lang='lat' dir='ltr'>sancti</span> <span class='ocrx_word' id='word_1_414' title='bbox 591 4081 738 4136; x_wconf 81' lang='lat' dir='ltr'>adiunctum</span> <span class='ocrx_word' id='word_1_415' title='bbox 752 4097 901 4154; x_wconf 85' lang='lat' dir='ltr'>apponere,</span> <span class='ocrx_word' id='word_1_416' title='bbox 923 4081 973 4136; x_wconf 86' lang='lat' dir='ltr'>niai</span> <span class='ocrx_word' id='word_1_417' title='bbox 988 4082 1068 4134; x_wconf 80' lang='lat' dir='ltr'>vellet</span> <span class='ocrx_word' id='word_1_418' title='bbox 1085 4077 1249 4134; x_wconf 84' lang='lat' dir='ltr'>eubiadieare</span> 
     </span>
    </p>
   </div>
   <div class='ocr_carea' id='block_1_4' title="bbox 143 4147 1249 4270">
    <p class='ocr_par' dir='ltr' id='par_1_4' title="bbox 143 4147 1249 4270">
     <span class='ocr_line' id='line_1_46' title="bbox 143 4147 1249 4270; baseline 0.004 -72"><span class='ocrx_word' id='word_1_419' title='bbox 143 4147 212 4202; x_wconf 84' lang='lat' dir='ltr'>haud</span> <span class='ocrx_word' id='word_1_420' title='bbox 229 4149 329 4220; x_wconf 88' lang='lat' dir='ltr'>opinari</span> <span class='ocrx_word' id='word_1_421' title='bbox 345 4167 375 4204; x_wconf 86' lang='lat' dir='ltr'>ae</span> <span class='ocrx_word' id='word_1_422' title='bbox 388 4152 458 4205; x_wconf 85' lang='lat' dir='ltr'>illam</span> <span class='ocrx_word' id='word_1_423' title='bbox 474 4151 526 4205; x_wconf 90' lang='lat' dir='ltr'>rite</span> <span class='ocrx_word' id='word_1_424' title='bbox 541 4167 590 4222; x_wconf 91' lang='lat' dir='ltr'>per</span> <span class='ocrx_word' id='word_1_425' title='bbox 611 4151 659 4204; x_wconf 77' lang='lat' dir='ltr'>nee</span> <span class='ocrx_word' id='word_1_426' title='bbox 676 4167 708 4203; x_wconf 87' lang='lat' dir='ltr'>ao</span> <span class='ocrx_word' id='word_1_427' title='bbox 724 4167 786 4204; x_wconf 78' lang='lat' dir='ltr'>vere</span> <span class='ocrx_word' id='word_1_428' title='bbox 801 4151 954 4205; x_wconf 87' lang='lat' dir='ltr'>intortorum</span> <span class='ocrx_word' id='word_1_429' title='bbox 971 4149 998 4202; x_wconf 91' lang='lat' dir='ltr'>in</span> <span class='ocrx_word' id='word_1_430' title='bbox 1012 4149 1096 4218; x_wconf 90' lang='lat' dir='ltr'>lpaum</span> <span class='ocrx_word' id='word_1_431' title='bbox 1113 4163 1161 4217; x_wconf 91' lang='lat' dir='ltr'>per</span> <span class='ocrx_word' id='word_1_432' title='bbox 1176 4147 1249 4270; x_wconf 77' lang='lat' dir='ltr'>prio·</span> 
     </span>
    </p>
   </div>
   <div class='ocr_carea' id='block_1_5' title="bbox 144 4217 1249 4361">
    <p class='ocr_par' dir='ltr' id='par_1_5' title="bbox 144 4217 1249 4361">
     <span class='ocr_line' id='line_1_47' title="bbox 145 4217 1249 4289; baseline 0.003 -20"><span class='ocrx_word' id='word_1_433' title='bbox 145 4231 189 4268; x_wconf 87' lang='lat' dir='ltr'>rea</span> <span class='ocrx_word' id='word_1_434' title='bbox 204 4219 391 4273; x_wconf 79' lang='lat' dir='ltr'>anathematum</span> <span class='ocrx_word' id='word_1_435' title='bbox 408 4221 533 4276; x_wconf 82' lang='lat' dir='ltr'>feralibue</span> <span class='ocrx_word' id='word_1_436' title='bbox 557 4219 666 4274; x_wconf 74' lang='lat' dir='ltr'>rinmlie</span> <span class='ocrx_word' id='word_1_437' title='bbox 682 4217 800 4273; x_wconf 72' lang='lat' dir='ltr'>solutam.</span> <span class='ocrx_word' id='word_1_438' title='bbox 835 4220 898 4289; x_wconf 90' lang='lat' dir='ltr'>quid</span> <span class='ocrx_word' id='word_1_439' title='bbox 915 4236 982 4288; x_wconf 85' lang='lat' dir='ltr'>quae</span> <span class='ocrx_word' id='word_1_440' title='bbox 999 4233 1161 4285; x_wconf 69' lang='lat' dir='ltr'>nuncupere</span> <span class='ocrx_word' id='word_1_441' title='bbox 1194 4217 1249 4272; x_wconf 88' lang='lat' dir='ltr'>ioe-</span> 
     </span>
     <span class='ocr_line' id='line_1_48' title="bbox 144 4287 1249 4361; baseline 0 -21"><span class='ocrx_word' id='word_1_442' title='bbox 144 4291 225 4352; x_wconf 86' lang='lat' dir='ltr'>retur,</span> <span class='ocrx_word' id='word_1_443' title='bbox 241 4303 275 4342; x_wconf 89' lang='lat' dir='ltr'>an</span> <span class='ocrx_word' id='word_1_444' title='bbox 291 4303 343 4342; x_wconf 86' lang='lat' dir='ltr'>non</span> <span class='ocrx_word' id='word_1_445' title='bbox 358 4289 425 4344; x_wconf 87' lang='lat' dir='ltr'>idem</span> <span class='ocrx_word' id='word_1_446' title='bbox 441 4290 524 4361; x_wconf 84' lang='lat' dir='ltr'>ipram</span> <span class='ocrx_word' id='word_1_447' title='bbox 539 4289 698 4344; x_wconf 66' lang='lat' dir='ltr'>maetenni</span> <span class='ocrx_word' id='word_1_448' title='bbox 714 4288 866 4346; x_wconf 83' lang='lat' dir='ltr'>audiebatur</span> <span class='ocrx_word' id='word_1_449' title='bbox 881 4289 958 4352; x_wconf 87' lang='lat' dir='ltr'>enim,</span> <span class='ocrx_word' id='word_1_450' title='bbox 973 4303 1006 4341; x_wconf 81' lang='lat' dir='ltr'>ea</span> <span class='ocrx_word' id='word_1_451' title='bbox 1023 4303 1074 4358; x_wconf 87' lang='lat' dir='ltr'>qno</span> <span class='ocrx_word' id='word_1_452' title='bbox 1091 4291 1167 4342; x_wconf 75' lang='lat' dir='ltr'>ment</span> <span class='ocrx_word' id='word_1_453' title='bbox 1183 4287 1249 4344; x_wconf 84' lang='lat' dir='ltr'>ietae</span> 
     </span>
    </p>
   </div>
   <div class='ocr_carea' id='block_1_6' title="bbox 0 0 1448 4884">
    <p class='ocr_par' dir='ltr' id='par_1_6' title="bbox 0 0 1448 4884">
     <span class='ocr_line' id='line_1_49' title="bbox 0 0 1448 4884; baseline 0 0"><span class='ocrx_word' id='word_1_454' title='bbox 0 0 1448 4884; x_wconf 95' lang='lat' dir='ltr'> </span> 
     </span>
    </p>
   </div>
  </div>
 </body>
</html>
