2888 4884
318 325 649 412 DEnNDRONICO
703 327 985 397 PALAEOLOGO
1012 332 1047 398 L.
1069 332 1128 401 lv.
1184 335 1269 406 ³63

268 499 328 568 35.
381 499 582 565 Διολολεῖτοιν
602 497 706 566 τοίνυν
726 505 846 587 πρωίας
864 507 925 580 πᾶς
944 501 1023 589 ἀνὴρ
1040 498 1139 590 ἱεράς,
1167 502 1270 592 άρχιε-
1288 517 1309 571 Ρ
1326 516 1377 574 249

52 693 55 700 ,
166 600 237 688 ρεδς
254 604 305 667 κοί
322 607 434 688 κλῆρος
449 604 499 667 καί
510 610 655 686 μοναχῶν
670 603 700 670 ni
715 599 890 688 κράτιστοι,
918 607 968 671 καί
983 610 1025 683 είς
1040 605 1143 692 κοινὴν
1159 605 1176 673 δ
1193 633 1271 688 κρα-

165 709 229 770 τῶν
249 705 305 771 τδν
328 701 418 791 λάχον
440 708 539 783 τιθείς
562 705 633 788 μετ’
649 706 818 790 ἐπιμελείας
833 705 935 792 πάσης
949 707 1171 775 διεπυνθάνετο
1186 713 1219 777 τί
1231 709 1271 778 δν

166 805 217 873 καί
228 809 334 894 δοκοίη
356 805 478 887 τοάτοις
497 805 514 875 δ
538 809 674 894 μοναχδς
694 809 794 900 (οὔπω
811 811 871 897 γὰρ
893 811 972 897 ἔλεγε
986 810 1138 904 τοῦνομα)
1152 813 1186 891 tq
1203 818 1272 899 περί

43 915 46 922 ’
140 907 316 1000 denuntiatos
339 908 472 999 φθάσας
492 909 661 997 ἐδήλωσεν,
695 913 777 980 οὕτω
800 939 867 990 πως
890 913 1166 999 διαμηνυοάμενος.
1220 919 1271 981 καί

165 1024 231 1092 τοῖς
246 1017 303 1100 μέν
322 1013 422 1092 οὕτως
444 1026 510 1094 τοῖς
532 1015 563 1081 δ’
589 1017 725 1098 ἐκείνως,
753 1019 816 1083 ἐπεὶ
837 1016 894 1083 oris
908 1010 946 1103 ἦν
961 1019 1071 1083 είδίναι
1091 1019 1127 1084 τδ
1146 1013 1271 1104 πράσω-

165 1143 243 1199 πον,
274 1115 372 1185 ἐδόκει
395 1117 434 1184 τά
457 1120 525 1204 περὶ
550 1115 670 1186 τοάτων
693 1125 856 1205 ξυμβῆναι.
915 1120 995 1205 πλὴν
1018 1119 1034 1188 d
1059 1147 1089 1187 τι
1111 1146 1158 1198 τις
1178 1121 1308 1203 είποι,Β

168 1218 253 1288 odium
266 1246 298 1308 γε
315 1220 410 1307 ἔλεγε,
437 1225 488 1288 καί
505 1225 655 1308 διηπίστει
673 1220 775 1315 ἐαυτῷ
799 1223 934 1309 λέχοντι,
968 1223 1011 1309 μὴ
1035 1223 1111 1308 ἔχων
1133 1223 1194 1311 ὅπῃ
1210 1231 1269 1314 στῇ

165 1325 217 1390 καί
237 1321 430 1411 Ιάιιερείσετοι
450 1325 528 1412 πρὸς
548 1323 708 1411 ἀλήθειαν.
763 1327 793 1393 oi
811 1328 868 1411 μὲν
887 1327 947 1414 γάρ
968 1328 1105 1412 μοναχὸν
1132 1334 1177 1416 τῷ
1194 1329 1270 1404 τίως

124 1439 159 1494 10
168 1427 223 1494 τδν
245 1425 369 1494 εέπάντα
389 1426 605 1512 μανθάνοντες
631 1431 721 1496 θείαν
744 1429 780 1496 τδ
800 1437 927 1517 πρᾶγμα
945 1428 1115 1518 πρόρρησιν
1146 1427 1269 1514 ‹siponid-

165 1553 240 1616 yoos
248 1580 259 1612 ,
285 1533 312 1598 εί
323 1531 400 1608 τέως
415 1530 578 1618 προδήλως
593 1535 643 1599 καί
659 1530 701 1610 ὥς
715 1530 845 1616 ἧκοάετο
862 1534 984 1600 εἴπειεν·
1011 1537 1038 1600 εί
1049 1532 1109 1620 γάρ
1123 1558 1191 1599 τινα
1206 1541 1268 1602 τῶν

164 1639 222 1715 τῆς
235 1633 349 1720 σαρκὸς
362 1637 495 1716 δεσμίων
513 1635 652 1702 addeins
666 1633 868 1724 χαρισμάτων
891 1635 995 1714 δξιοῦν
1011 1633 1179 1719 βούλοιτο,
1206 1661 1267 1720 μο-

114 1759 117 1764 ·
164 1737 259 1821 ναχὸν
281 1734 361 1825 δπέρ
384 1737 499 1816 άλλοος
518 1739 557 1806 dv
578 1739 718 1816 ἀξιῶσαι.
771 1741 802 1806 οἳ
822 1741 856 1806 δέ
869 1743 921 1805 καί
939 1741 1077 1806 ἐναντίου
1092 1738 1307 1823 πνεάματοςο

164 1837 339 1907 ἀπεκάλουν
355 1841 526 1928 ἐνέρχημο,
553 1843 736 1919 κλέπτυντος
749 1841 806 1926 τὴν
820 1849 877 1910 τοῦ
895 1849 974 1909 θεοῦ
998 1841 1092 1921 δόξαν
1105 1846 1138 1909 ἐκ
1153 1851 1210 1910 τοῦ
1229 1845 1268 1909 τά

125 1949 209 2032 teupi
225 1949 292 2033 θεῷ
315 1946 471 2030 πρέποντα
494 1943 718 2033 προαρπάζειν,
747 1943 790 2021 uie
810 1946 865 2011 τὸν
880 1945 976 2031 μίχαν
993 1943 1267 2031 λέχεινἍντάιιον.

164 2055 230 2122 τοῖς
245 2048 279 2112 δέ
292 2050 344 2112 καί
358 2043 511 2136 ἐγχωροῦν
527 2047 603 2114 είνοι
619 2048 651 2114 ἐκ
666 2074 756 2115 τινων
767 2045 967 2132 μαθημάτων
982 2049 1092 2114 είδίναι
1109 2049 1148 2114 τά
1163 2055 1269 2115 τοιαῦ-

164 2173 205 2214 τα
218 2146 461 2234 ἐπελαμβάνετο.
512 2148 623 2228 πάντες
645 2153 679 2217 δέ
701 2149 743 2228 nic
763 2150 814 2217 ἐπ’
838 2150 975 2238 άσφαλεΐ
993 2152 1127 2239 θεμελίῳ
1151 2157 1195 2240 τῷ
1212 2158 1269 2216 τοῦ

165 2249 278 2336 άνδρδς
291 2249 448 2344 προοάπῳ
464 2253 582 2339 ἤθελον
597 2255 808 2338 ἐποικοδομεῖν
823 2253 879 2337 τὴν
904 2250 1066 2342 διάγνωσιν
1073 2303 1084 2333 ,
1112 2249 1154 2329 ὥς
1170 2252 1268 2318 αὐτοῦ

164 2379 198 2438 γε
212 2352 330 2440 ἀδήλου
353 2354 443 2434 ὄντος
464 2354 589 2436 άτιάσας
601 2355 747 2436 ὑπονοίας
760 2354 912 2447 άρμάζειν.
964 2357 1044 2442 πλὴν
1057 2355 1094 2423 τὸ
1109 2357 1166 2441 μέν
1179 2353 1268 2442 κήδε’

232 2591 275 2648 35.
310 2592 438 2646 Postridie
459 2611 533 2648 mans
555 2594 702 2648 convocetis
726 2593 867 2664 imperator
888 2590 970 2646 sacris
994 2589 1138 2644 bominibus
1161 2591 1271 2652 conctis,

163 2659 310 2729 episeopis,
335 2662 420 2726 clero,
445 2663 622 2717 monachorum
639 2663 802 2734 praecipuis,
819 2662 846 2714 in
864 2677 1017 2715 communem
1034 2660 1201 2724 audientiam,
1225 2661 1270 2713 nbi

162 2745 231 2796 quac
248 2730 298 2782 sibi
317 2733 476 2800 contigerant
493 2739 638 2797 narrasset,
655 2733 782 2785 instanter
798 2731 950 2814 exquirebat
966 2731 1000 2783 ab
1017 2747 1169 2800 unoquoque
1186 2729 1270 2798 qualis

161 2795 213 2866 ipsi
231 2815 289 2852 aare
306 2800 438 2854 rideretur
453 2801 497 2854 iiie
515 2801 650 2856 monachus
668 2801 789 2865 (nondum
806 2817 871 2852 eninr
889 2800 1014 2868 prodebat
1030 2799 1132 2864 nomen)
1145 2799 1188 2868 qni
1205 2799 1269 2852 boec

161 2873 299 2936 antequam
316 2869 409 2924 fierent
425 2878 452 2922 et
469 2870 640 2938 praevidisset
664 2880 691 2922 et
709 2870 746 2922 sic
764 2869 958 2926 denuntiasset?
983 2868 1015 2920 ad
1041 2885 1096 2920 earn
1114 2867 1269 2936 prepositio-

161 2951 218 2987 nem
235 2937 323 2989 varius
340 2944 396 2991 erat
413 2939 500 2992 eorum
517 2939 559 3009 qui
578 2940 773 2992 consulebantur
790 2953 889 3001 sensus,
900 2937 938 2989 ita
955 2941 1039 2989 tameo
1055 2942 1085 2988 ut
1101 2953 1173 2996 nemo,
1191 2936 1268 2988 iaciie

163 3011 210 3056 aut
226 3008 377 3060 sententiam
394 3007 487 3076 figeret
504 3015 549 3060 aut
566 3025 714 3127 responsum
731 3007 874 3076 expediret,
890 3005 1066 3058 diffidentibus
1085 3004 1135 3057 sibi
1151 3004 1267 3072 singuiis,

163 3089 212 3124 nec
228 3073 271 3126 ubi
289 3076 379 3145 pedem
397 3077 462 3130 certi
480 3077 565 3130 indicii
583 3094 611 3130 ao
622 3077 663 3130 ida
679 3079 707 3129 in
724 3076 834 3129 veritate
850 3083 976 3145 ponerent
991 3073 1186 3144 reperientibus,
1202 3087 1268 3142 quo-

163 3141 197 3194 ad
220 3141 379 3208 ignorarent¹
392 3145 458 3198 satis
475 3163 581 3213 nornen,
606 3146 678 3198 cuius
696 3163 821 3266 personae
844 3163 876 3197 ac
892 3159 988 3196 morum
1005 3143 1135 3212 praeviam
1153 3143 1268 3196 notitiam

162 3208 196 3264 ad
225 3211 365 3279 prudenter
396 3216 556 3268 statuendum
583 3213 616 3266 de
643 3215 769 3285 quaitnte
796 3213 909 3266 vaticinii
937 3211 1110 3266 necessariam
1136 3213 1269 3280 putabant.

162 3287 259 3333 motum
285 3300 316 3334 ex
339 3301 370 3336 eo
392 3283 460 3354 quod
476 3284 526 3337 iate
543 3284 647 3353 ignotus
664 3284 791 3354 propheta
814 3299 871 3336 eoae
888 3281 1017 3336 diceretur
1033 3281 1187 3350 menachus,
1213 3279 1269 3350 qui-

162 3347 219 3402 dam
243 3360 418 3420 argumentum
443 3370 472 3405 se
494 3353 598 3408 aiebant
621 3370 715 3422 capere
739 3351 819 3405 divini
838 3352 943 3422 spiritns
967 3351 994 3404 in
1011 3351 1063 3405 iai-a
1079 3349 1270 3419 praesagitione

161 3419 277 3482 versati,
302 3422 371 3491 quod
388 3421 524 3476 verisimile
542 3429 692 3490 censerent,
717 3422 739 3474 si
757 3439 831 3492 quero
849 3437 881 3473 ex
898 3421 999 3474 mortali
1017 3419 1144 3472 devinctis
1161 3433 1269 3494 corpore

160 3487 215 3540 auia
232 3487 295 3541 dena
312 3489 445 3543 afflatibus
462 3491 569 3559 dignare
585 3490 679 3558 veliet,
705 3497 907 3560 segregatum
928 3491 996 3542 curis
1013 3488 1123 3541 terrenis
1142 3487 1270 3540 hominem

159 3557 323 3625 professione
345 3559 415 3612 vitae
437 3560 567 3613 solitariae
592 3560 674 3613 inisse
698 3559 731 3613 ad
754 3560 780 3612 id
798 3577 861 3630 praa
882 3560 992 3613 caeteris
1009 3562 1158 3612 electurum.
1193 3555 1269 3608 atui

160 3641 194 3678 ne
218 3625 262 3678 isti
285 3626 387 3697 quidem
412 3645 504 3681 secure
523 3629 598 3682 nimis
623 3629 823 3682 indormiendum
849 3628 1001 3699 praeiudicio
1025 3627 1195 3680 admonebant
1216 3623 1270 3688 e‘i,

117 3691 123 3702 '
159 3709 366 3766 magnopereqne
384 3713 458 3749 seona
476 3697 627 3768 suspicando
644 3698 823 3750 incumbebant
847 3699 879 3750 od
897 3698 1084 3766 reprobandam
1102 3701 1181 3748 totam
1199 3709 1271 3758 rem,

159 3779 237 3830 quam
255 3781 303 3817 nec
318 3766 473 3820 dubitabant
490 3767 620 3837 appellare
637 3767 810 3836 operationem
836 3765 975 3819 adversarii
1001 3765 1125 3835 spiritns,
1147 3761 1189 3814 dei
1214 3763 1272 3830 gio·

160 3832 226 3884 riam
244 3833 364 3898 tarantis,
384 3853 415 3889 ea
433 3853 499 3906 qnae
516 3837 564 3890 deo
583 3837 736 3890 conveniunt
753 3836 947 3905 praeripiendo,
971 3841 1008 3888 ut*
1019 3849 1125 3902 magnus
1135 3829 1210 3899 -loqui
1226 3847 1271 3882 ao·

159 3899 232 3953 lebat
250 3904 384 3958 Antonius.
420 3902 470 3957 nod
488 3904 595 3960 deerant
617 3905 662 3976 qui
684 3905 797 3958 humanis
815 3904 957 3988 disciplinis
976 3921 1009 3957 ex
1026 3899 1205 3983 observatione
1222 3913 1273 3952 na-

160 3969 284 4024 turalium
312 3971 444 4042 signorum
474 3973 595 4028 eiusmodi
626 3983 736 4028 eventus
762 3975 887 4044 praesciri
917 3991 950 4027 ac
973 3971 1090 4043 praedici
1109 3969 1272 4037 disputarent

88 4135 92 4150 .
159 4055 260 4162 uu
277 4057 380 4180 :un
387 4051 476 4166 uz:
490 4043 667 4167 ‘crustu
684 4041 1076 4182 :stitueretur
1084 4034 1270 4160 „nitius

653 4149 660 4176 2

160 4192 218 4244 qno·
229 4177 262 4232 de
279 4184 464 4249 quaereretur,
481 4181 531 4234 rati
548 4179 667 4251 quamdin
684 4181 706 4235 is
723 4181 756 4234 de
772 4181 840 4234 facie
856 4183 926 4234 toret
945 4197 977 4231 ae
992 4179 1048 4232 rita
1063 4177 1181 4245 ignotus,
1205 4190 1270 4228 cun·

160 4250 217 4298 ctas
233 4246 261 4300 in
279 4265 336 4301 eom
353 4250 493 4319 quamlibet
509 4249 630 4304 sinistras
651 4255 722 4304 reete
739 4248 897 4320 suspiciones
913 4248 1014 4302 cudere.
1049 4250 1187 4309 caeterum,
1204 4259 1269 4296 non·

160 4313 224 4369 nulli
240 4316 363 4385 aiebant,
387 4318 437 4372 hac
460 4323 615 4389 tempemte
637 4319 670 4374 ad
693 4317 885 4390 intelligendum
902 4316 1088 4387 dicendumque
1102 4313 1225 4382 ingmaro
1240 4313 1269 4365 in
