2774 4784
341 301 421 369 333.
443 299 517 373 nr
553 258 925 372 onbnonoornus.
1108 301 1187 376 333

413 553 441 614 ¹1·
482 551 850 614 31333313
1202 568 1296 624 3373

396 726 816 812 pientissimus-namanes·
834 755 999 840 nsaiano-
1052 758 1059 771 ·
1101 759 1142 808 n‘
1178 742 1181 797 l

364 897 372 913 .
396 819 472 882 disat
477 825 630 911 Quatt-
645 841 722 880 aeras
748 831 815 878 tear-
831 823 999 880 3311333333-
1033 827 1112 882 zonas
1131 845 1151 880 a
1178 894 1180 911 s

302 1551 1181 1760 ⁸·suutsssustuffff'

305 1880 312 1894 ⁸
417 1867 1146 2006 333333333333

356 2043 440 2171 ‘18
482 2044 502 2146 3
527 2045 566 2106 33
588 2045 629 2105 33
668 2045 703 2105 3
710 2043 751 2106 33
795 2047 815 2105 0
855 2046 875 2107 3
896 2045 939 2106 33
959 2045 1001 2106 33
1041 2043 1083 2106 33
1104 2047 1147 2108 33
1180 2036 1181 2045 ‘

1041 2128 1231 2194 nov

1042 2208 1147 2278 nn

1007 2301 1184 2387 w1‚

506 2551 768 2620 lloonolusio.

168 2691 215 2754 Ex
230 2691 330 2776 tribup
343 2689 513 2772 pleniluniis
526 2691 669 2773 ecliptieis
682 2689 790 2752 mensis
803 2688 933 2752 Ianuarii
945 2708 1093 2750 annorum
1105 2688 1194 2752 Chri·

86 2777 126 2837 sti
150 2779 231 2844 1801
255 2781 339 2843 1802
354 2785 384 2835 et
401 2781 484 2842 1808
505 2778 601 2838 solnm
619 2776 816 2858 plenilunium
835 2776 907 2834 anui
931 2779 1013 2841 1302
1033 2776 1195 2854 respondet

86 2861 308 2923 conditionibus
319 2861 526 2944 nl'aclapunere
533 2859 644 2925 relatis.
659 2861 822 2942 plenilunio
830 2865 908 2920 enim
920 2861 1154 2928 annorumlllOl
1164 2869 1196 2920 at

88 2952 171 3013 1303
187 2948 326 3008 Ianuario
345 2950 422 3007 13313
438 2967 535 3029 nequa
555 2948 680 3010 totalem
693 2947 825 3027 eclipsim
838 2967 906 3007 cum
922 2965 1007 3004 mora
1022 2945 1148 3005 notabili
1162 2947 1195 3006 in

86 3032 195 3092 umbra
214 3043 313 3094 terrae
333 3031 521 3114 babuerunt3
541 3053 639 3114 nequa
660 3041 713 3093 aut
736 3032 857 3093 initium
880 3033 911 3090 in
933 3031 969 3090 iis
988 3040 1040 3090 ant
1061 3031 1195 3091 medium

86 3117 202 3198 eclipsis
219 3119 278 3180 tuit
297 3118 377 3178 ciros
398 3121 518 3180 tertiana
541 3121 637 3180 nontin
648 3117 755 3178 1333333
763 3161 772 3194 ,
794 3117 847 3176 aad
861 3117 947 3195 longa
960 3115 1098 3196 pluribus
1112 3116 1196 3178 boris

85 3211 166 3282 pont.
207 3213 240 3263 et
252 3201 366 3284 eclipsis
380 3205 452 3264 anni
469 3210 551 3272 1302
566 3205 696 3266 Ianuarii
712 3203 761 3262 die
778 3201 817 3266 14
835 3204 891 3263 luit
902 3203 1017 3278 totalis,
1040 3203 1196 3262 3333313331-

85 3287 137 3368 gni
154 3307 238 3348 mora
258 3289 346 3348 lunae
360 3290 391 3350 in
403 3289 553 3371 tenebria3
575 3299 605 3350 at
620 3292 683 3350 eina
699 3289 820 3348 initium
836 3289 893 3348 fuit
905 3307 1028 3370 prorsus
1039 3287 1115 3349 hora
1127 3297 1194 3347 ter-

20 3385 23 3390 '
85 3375 129 3434 tie
144 3373 242 3434 3333113
257 3375 531 3456 Constantinopoli,
552 3385 587 3436 nt
605 3375 720 3456 patebit
737 3391 774 3434 ax
791 3375 905 3434 calculo
921 3375 1000 3436 iulia
1015 3374 1143 3453 script05
1163 3381 1196 3431 et

77 3459 188 3540 quoad
202 3459 262 3521 boo
276 3461 439 3542 respondet
451 3472 557 3523 exacta
572 3460 709 3522 relationi
722 3457 922 3542 Pacbyrnaris.

482 3595 542 3694 m
569 3633 778 3694 conclusio.

170 3750 370 3830 Recuparatio
383 3751 505 3813 luminis
517 3761 587 3836 pont
600 3753 693 3822 133333
708 3753 847 3814 trientem
862 3755 974 3808 asserta
987 3766 1004 3805 3
1016 3743 1197 3825 Pacbymere

84 3856 148 3896 non
162 3837 220 3896 suit
234 3855 308 3896 vera
323 3838 510 3918 recuperatio
529 3837 650 3898 luminis
663 3839 818 3928 radiorum
832 3833 901 3894 solis
916 3835 1028 3894 directe
1042 3832 1143 3892 lunam
1158 3831 1199 3890 il-

84 3922 307 3998 luminantium,
322 3943 391 3984 cum
403 3923 474 3984 luna
488 3933 604 3986 morata
619 3945 641 3984 s
634 3926 657 3985 t
673 3945 706 3984 re
717 3944 789 3986 vora
802 3923 834 3982 in
848 3921 955 3980 umbra
969 3929 1067 3979 terrae
1082 3916 1159 3976 bora
1178 3920 1195 3981 1

84 4004 129 4072 42
146 4009 297 4073 31333
314 4010 353 4069 ob
377 4009 477 4072 radios
498 4011 568 4071 solia
585 4009 732 4070 refractus
746 3991 916 4070 rubicunda
931 4005 1029 4085 coepit
1046 4020 1198 4084 apparere,

85 4090 157 4152 licet
172 4094 254 4153 intre
268 4097 404 4156 umbram
417 4106 504 4171 esset,
521 4105 559 4156 ut
572 4098 748 4176 plerumque
761 4093 862 4155 evenit
875 4091 908 4151 in
925 4091 1081 4170 eclipsibus
1095 4087 1198 4147 totali-

85 4175 153 4256 bus,
176 4177 263 4240 iuxta
275 4199 310 4241 aa
323 4201 400 4262 quae
415 4181 643 4298 demonstravi'
635 4203 666 4242 m
682 4183 701 4248 5
717 4179 794 4240 111333
808 4177 967 4299 Alnuagesti
980 4177 1075 4258 Novi
1097 4195 1122 4236 c.
1137 4172 1167 4241 5
