2774 4784
208 277 285 352 aas
517 261 756 348 oneravit
779 259 1055 364 paratumst

208 431 307 522 terimi
322 443 421 522 tertii,
440 449 472 502 st
491 441 517 501 si
536 440 701 502 deerimusa
720 431 906 521 tali'spocha
919 440 1024 502 lubset
1038 438 1213 522 explendus
1226 425 1334 518 annus

212 549 403 615 perseverare
414 529 495 592 idam
508 528 626 588 clausus
640 526 671 586 in
683 525 742 586 ists
755 526 821 586 loeo
838 527 988 588 debuisset
1006 547 1102 606 usqua
1121 527 1165 600 ad
1181 530 1225 591 16
1239 527 1332 604 Octo-

212 620 274 680 bris
288 616 472 696 insequentis
489 613 588 690 diem,
610 621 707 690 aquo
724 609 787 670 dies
806 615 846 676 19
862 612 992 674 Ianuarii
1013 632 1125 672 novem
1142 614 1208 674 fers
1233 611 1332 672 solidis

84 765 94 778 ,
212 705 297 776 abeat
309 701 478 776 mensibus,
499 706 625 779 apparet
640 715 728 776 qnam
740 697 779 756 sd
791 715 897 757 rerum
910 709 1016 758 exacte
1030 698 1158 766 definita
1174 696 1330 756 Athanasii

210 791 244 850 ln
256 786 398 848 Cosmidii
411 785 592 846 monasterio
607 793 721 843 secreta
734 781 882 842 habitatio
898 784 988 844 irretit
1003 783 1101 866 spatio
1118 785 1261 864 praeciso
1278 781 1330 843 de-

211 879 458 941 mennatum,
478 871 579 930 missus
593 887 703 928 norem
718 867 877 930 mensibus.
1195 923 1199 932 ,

299 957 350 1018 111.
392 956 474 1016 Haec
486 963 650 1032 utcumque
669 972 732 1013 non
750 954 897 1013 inutiliter
907 953 940 1012 in
955 969 1020 1014 rem
1032 963 1171 1016 noemam
1184 962 1329 1014 annotata

214 1031 1330 1120 suubnulaabsolvnnttamenpropositamdeprincipioetiinepatriarcba·
1352 1111 1354 1116 ,

213 1140 266 1191 tns
277 1128 398 1190 Iosnbis
412 1126 535 1186 cosmae
548 1125 764 1203 quaestionem,
789 1125 935 1203 siquidem
948 1125 974 1184 is
986 1145 1043 1184 nee
1055 1124 1218 1186 inchoavit
1232 1126 1330 1185 statim

214 1237 232 1274 a
250 1209 374 1288 recessu
396 1211 550 1272 Athanasii
571 1211 605 1270 in
630 1209 843 1270 monisterium
862 1209 1021 1285 Cosmidii,
1042 1230 1098 1270 nec
1120 1230 1156 1272 eo
1178 1220 1330 1274 momento

215 1301 304 1361 desiit
320 1319 381 1378 quo
400 1296 591 1357 Androniws
604 1295 800 1356 Athanasium
821 1295 951 1356 eundem
965 1296 1007 1356 ibi
1027 1297 1184 1358 convenit.
1231 1297 1283 1356 sed
1295 1295 1331 1356 ds

214 1385 302 1447 initio
323 1383 445 1464 quidam
461 1383 541 1442 clar's
564 1381 659 1442 tradit
675 1381 873 1461 Pachynteres
886 1402 915 1461 p.
931 1384 993 1448 186
1013 1401 1041 1442 u.
1059 1385 1097 1458 9,
1122 1382 1265 1442 kalendis
1285 1381 1331 1440 ls-

215 1471 313 1533 nonii
329 1469 471 1528 loannem
485 1469 621 1527 cosmam
636 1467 694 1525 rite
709 1468 800 1526 luisse
814 1467 1023 1545 inauguratum
1040 1467 1260 1546 patriarcham.
1280 1485 1331 1526 nec

217 1556 342 1618 dubium
358 1573 397 1612 ex
411 1561 478 1613 toto
494 1561 641 1612 contextu
655 1570 758 1612 rerum
777 1561 848 1612 ante
868 1571 904 1609 ao
922 1551 1047 1631 postibi
1065 1561 1266 1614 narratarum
1282 1561 1331 1627 est,

215 1640 290 1720 quin
305 1639 379 1698 istae
394 1637 540 1698 kalendae
556 1637 834 1698 lanausiaesuerint
849 1639 985 1716 proxime
1003 1648 1121 1699 secutas
1134 1648 1210 1720 post
1224 1639 1331 1699 discu-

105 1759 110 1771 ·
215 1745 283 1786 sum
299 1743 316 1782 a
334 1721 518 1803 patriarchio
531 1721 684 1784 Athanasii
702 1727 734 1783 'et
747 1721 838 1783 huius
854 1721 1047 1800 inclusionem
1062 1725 1094 1782 in
1115 1725 1332 1784 monasterium

217 1808 370 1885 Ummidii,
392 1827 482 1887 quens
500 1813 540 1874 16
555 1807 604 1872 die
620 1808 759 1868 Octobris
772 1809 843 1868 anni
856 1807 968 1868 Christi
983 1811 1064 1873 1293
1077 1807 1243 1888 contigisse
1257 1809 1332 1869 ridi·

217 1915 295 1960 mass.
334 1901 456 1972 'maneat
470 1893 561 1972 igitur
575 1913 630 1971 pro
646 1904 729 1953 certo
741 1894 881 1954 loannem
895 1893 1030 1952 cosmam
1043 1914 1061 1952 a
1072 1893 1218 1972 kalendis
1230 1895 1332 1956 lanua-

217 1981 271 2042 tiis
289 1978 361 2042 anui
374 1978 487 2040 Christi
505 1971 587 2044 1294
601 1992 735 2058 praeesse
749 1975 942 2059 patriarchali
957 1969 1105 2058 potestste
1117 1981 1331 2040 Constantino-

217 2065 370 2146 politanae
388 2065 526 2124 scelesiae
547 2065 688 2144 coepisse.
730 2066 799 2142 quia
818 2083 889 2124 vero
912 2064 1048 2142 quando,
1069 2085 1185 2126 norem
1204 2068 1289 2126 annis
1305 2073 1333 2122 et

218 2150 385 2214 octodecim
401 2149 506 2211 diebus
522 2148 593 2209 inde
609 2149 811 2225 vertentibus,
833 2148 1022 2209 Andronicus
1036 2152 1208 2231 imperator
1221 2151 1333 2231 episco-

217 2257 273 2317 pas
289 2233 402 2296 clerum
417 2245 448 2295 et
465 2235 611 2315 populum
626 2254 725 2295 secum
740 2236 852 2296 ducens
865 2233 1062 2296 Athanasium
1081 2237 1177 2311 adiit,
1200 2237 1333 2298 nondun

218 2321 373 2381 manifeste
399 2321 518 2380 Cosmus
546 2319 695 2381 abiecerat
721 2322 933 2400 possessionem
960 2319 1175 2401 patriarchalis
1202 2321 1332 2396 honoris,

218 2413 309 2484 quam
331 2425 386 2464 nec
406 2407 468 2485 ipss
489 2405 669 2466 Athanasius
690 2415 854 2486 utcumque
872 2416 947 2466 tuno
970 2405 1103 2468 delatum
1122 2407 1276 2484 admisit,
1307 2415 1334 2466 et

219 2493 340 2552 Cosmus
361 2500 480 2570 postes,
497 2491 563 2568 ipso
580 2491 692 2550 latente
712 2493 891 2572 imperatore
916 2491 1015 2551 adhue
1037 2491 1215 2573 patriarcha
1235 2511 1333 2566 verus,

218 2575 308 2638 etiam
318 2583 354 2636 ut
365 2576 433 2634 talis
445 2574 629 2636 anathemati
640 2576 764 2637 subiecit
776 2593 992 2656 quemcumque
1007 2579 1057 2656 qui
1068 2577 1235 2639 moliretur
1242 2578 1335 2638 Atha·

219 2661 335 2722 naslum
355 2660 387 2720 in
402 2659 515 2721 throno
528 2669 689 2740 reponere,
711 2662 898 2742 quaerendus
913 2662 987 2722 alibi
999 2671 1045 2723 est
1057 2683 1149 2723 verns
1164 2674 1200 2724 et
1213 2663 1335 2726 indubi-

219 2749 303 2807 talus
317 2747 387 2824 finis
404 2745 624 2825 patriarchatus
639 2749 769 2811 cosmae.
786 2821 787 2824 Ἴ

303 2831 351 2892 lV.
393 2832 422 2891 ls
435 2846 528 2912 porro
541 2847 605 2892 non
620 2833 691 2892 alibi
707 2835 873 2914 reperietur
885 2849 974 2912 quam
987 2854 1017 2915 p.
1026 2837 1089 2902 882
1100 2854 1132 2895 v.
1143 2839 1187 2902 18
1195 2855 1274 2914 sqq,
1288 2833 1335 2894 ubi

218 2919 314 2988 refert
334 2917 530 2997 pachymeres
550 2917 757 2978 Andronicum
781 2920 1003 2980 abscindentem
1022 2919 1138 2980 nodum
1162 2941 1258 2999 quern
1279 2920 1335 2980 sol·

204 3001 291 3066 ‘vere
314 3003 472 3079 nequibat,
494 3003 567 3062 dut'n
582 3003 778 3084 episcopusin
795 3005 911 3083 synodo
925 3006 987 3065 sine
1004 3003 1095 3064 modo
1110 3015 1170 3065 aut
1186 3027 1242 3086 spe
1266 3027 1336 3066 oon-

219 3086 370 3148 ventionis
387 3089 424 3148 de
442 3088 631 3152 abdicatione
642 3089 764 3150 ,loannis
778 3091 903 3168 Gosmae
920 3100 950 3150 st
968 3090 1163 3150 restitutione
1181 3089 1337 3151 Athanasi

220 3173 399 3232 altercantes
413 3172 506 3250 videt,
521 3176 679 3256 assumptis
693 3195 792 3235 seeum
807 3176 842 3234 iis
856 3175 907 3254 qui
921 3175 1083 3235 Athanasio
1098 3177 1262 3252 favebant,
1276 3197 1338 3236 enm

219 3259 294 3318 iuris
306 3275 445 3318 securum
457 3271 516 3318 usu
527 3280 563 3318 ac
574 3261 652 3319 facto
663 3260 696 3320 in
709 3259 930 3340 patriarchatus
941 3261 1121 3341 possessione
1135 3265 1337 3336 constituisse,

220 3343 323 3404 multis
338 3341 546 3424 episcoporum
561 3353 592 3404 et
604 3345 668 3424 ipsu
685 3346 796 3406 loanne
808 3347 912 3406 Corma
925 3346 1126 3426 nequidquam
1142 3349 1338 3408 reclamanti-

220 3428 295 3504 bus,
317 3425 349 3490 e't
365 3429 424 3490 hoc
439 3430 559 3512 quidem
582 3433 649 3507 (etsi
666 3432 697 3490 vi
715 3431 821 3490 maiori
840 3432 947 3491 cedens
962 3431 1131 3513 Sozopolins
1157 3433 1193 3494 in
1208 3435 1337 3514 patriam

125 3557 127 3560 -
223 3514 357 3597 recessit)
368 3529 476 3576 'veruna
491 3536 521 3574 se
538 3513 638 3576 adhuc
651 3515 852 3594 patriarchani
872 3518 1044 3578 arbitrante.
1087 3537 1126 3576 ex
1142 3527 1223 3579 tunc
1241 3529 1337 3579 umen

221 3601 259 3662 ab
268 3600 447 3680 imperatore
456 3611 490 3659 ao
504 3600 650 3681 plerisque
658 3601 782 3661 loannes
788 3603 907 3662 Cosmus
917 3601 1020 3662 haberi
1028 3623 1085 3683 pro
1095 3605 1279 3683 patriarcha
1288 3605 1338 3664 de-

220 3685 283 3762 siit5
298 3684 759 3746 etAtbtnssittslunctioneseius
772 3691 927 3768 potestatis
941 3689 1015 3766 (quo
1029 3690 1206 3768 iurequave
1221 3689 1338 3763 iniuria,

221 3769 294 3830 deus
302 3770 370 3852 seit)
377 3772 521 3830 exercuit.
542 3759 686 3831 habemus
697 3773 883 3833 autembanc
897 3773 1225 3854 epochaminsignitam
1232 3777 1337 3836 chara-

100 3875 102 3881 ’
221 3863 303 3914 ctera
316 3853 543 3936 chronologico,
564 3857 616 3915 ssd
632 3867 757 3937 propter
769 3859 934 3918 affectatam
953 3859 1169 3939 al’aehynrere
1187 3863 1337 3941 quandam
1380 3859 1381 3864 ’

219 3940 252 3999 in
267 3941 361 4004 verbe
374 3941 596 4021 ambiguitatem
613 3942 764 4022 indigente
776 3944 978 4016 declaratione
993 3965 1055 4004 non
1069 3949 1294 4026 perfunctoria.

306 4026 344 4085 V.
386 4021 437 4086 Ait
458 4027 599 4094 nimirum
619 4038 722 4090 noster
739 4028 902 4092 historicus
921 4051 950 4110 p.
968 4033 1031 4098 383
1049 4051 1079 4092 v.
1098 4035 1141 4098 18
1159 4033 1260 4110 diem,
1282 4051 1336 4111 qno

221 4118 266 4168 est
283 4111 321 4171 ab
334 4109 507 4172 Andronico
525 4113 704 4194 imperatore
723 4117 755 4196 ri
775 4123 805 4174 st
819 4135 912 4178 mauu
929 4115 1041 4176 throno
1061 4115 1228 4196 impositus
1245 4117 1336 4190 Atha-

221 4194 335 4270 nasius,
356 4197 447 4257 suisse
465 4197 638 4258 vicesimum
654 4201 777 4260 tertium
790 4203 899 4262 mensis
913 4200 1145 4262 Atheniensibus
1159 4203 1336 4264 Maemacta-

219 4276 314 4338 rionis
334 4279 407 4340 dicti
415 4326 423 4357 ,
446 4283 530 4343 cuius
545 4286 659 4362 primus
676 4293 706 4346 et
719 4286 874 4350 vicesimus
892 4288 955 4350 dies
968 4287 1019 4347 illo
1035 4305 1116 4348 anno
1131 4289 1167 4350 in
1178 4295 1334 4372 puascaa·

102 4663 360 4762 2‘3'
