2774 4784
194 275 294 378 ⁵soe
515 267 1009 348 cessaveramus.

220 442 333 522 sidero!
354 462 407 521 μοι
421 434 499 504 eleas
519 439 691 520 pulvorem.
734 438 839 502 &aare
851 444 950 523 igitw
962 455 1006 503 ese
1021 464 1086 506 nors
1098 444 1209 504 solum
1222 448 1329 504 mars?

222 528 424 599 Christianos,
445 523 501 584 sed
516 537 544 584 et
556 546 630 599 esee,
645 524 901 604 quemadmodum
916 527 1046 608 quidone
1061 533 1243 610 episcopum
1256 534 1327 610 qui-

218 611 285 672 dem
297 622 423 683 vocant,
446 614 512 670 siue
526 613 593 691 ipso
608 622 709 670 autem
720 615 823 672 omnia
837 625 1009 692 operantur.
1050 616 1129 673 sales
1143 626 1252 674 erstem
1263 635 1325 676 non

216 699 312 757 bonae
323 698 523 756 conscientiae
533 696 612 754 milei
626 716 688 754 ease
699 694 886 762 videnturs
877 719 909 758 sn
920 707 1006 762 sesne
1021 699 1060 758 sd
1073 699 1236 762 teulerias
1250 698 1324 758 haec

216 775 365 844 habet:“
346 806 420 846 οταν
441 805 482 866 τῳ
471 775 649 886 &eamdem
662 771 873 848 dnordooeods
888 778 954 859 oi9’
951 783 1049 891 [orosi
1056 789 1199 870 Χριστῷ,
1218 788 1323 886 ostes

218 866 275 931 σθὲ
289 890 341 948 μοι
363 861 401 930 osi
420 843 495 930 sciri
518 842 717 947 dobpoiiesvov
733 869 838 942 ζῶντες
860 861 934 932 a'llol
954 862 1021 932 κατ’
1041 861 1163 949 Ἰησοῦν
1179 862 1322 951 Χριστόν.

217 975 313 1034 quum
331 955 467 1032 episcopo
481 954 609 1010 subiecti
623 954 696 1010 estis
712 962 747 1009 ut
761 952 830 1012 Iesu
850 953 981 1031 Christo,
1002 953 1149 1014 ardemani
1165 955 1247 1014 ms'lre'
1262 977 1323 1015 nors

216 1035 382 1098 secundum
396 1037 530 1096 homines
544 1040 676 1098 viventes
690 1034 745 1095 sed
756 1037 924 1098 secundum
934 1038 1035 1098 Iesum
1053 1039 1221 1099 Christum
1264 1039 1322 1100 ho-

131 1129 140 1136 '
215 1143 285 1184 rum
298 1123 411 1202 aliqua,
437 1123 487 1184 vel
501 1122 577 1182 sorte
595 1122 710 1196 omnia,
731 1133 785 1182 aut
801 1124 890 1182 etiam
902 1123 949 1183 his
965 1125 1064 1203 plura,
1086 1127 1163 1202 quse
1183 1128 1218 1183 iu
1232 1125 1321 1204 lgna-

217 1209 305 1270 tiauia
326 1207 453 1288 epistolis
469 1208 623 1286 leguntur,
640 1207 817 1267 crediderim
833 1209 948 1268 iussisse
964 1208 1015 1268 hic
1029 1209 1151 1270 recitari
1165 1209 1321 1270 Androni·

212 1315 296 1376 cum.
330 1294 415 1354 unice
431 1292 508 1352 euim
519 1293 666 1353 faciebant
678 1291 717 1352 ad
730 1313 852 1372 scopum
864 1294 906 1352 illi
921 1294 1107 1374 propositum
1118 1295 1321 1374 persuadendi

219 1379 388 1440 Maenianis
403 1387 439 1438 ut
452 1376 613 1438 Athanasio
625 1377 814 1457 patriarchae
828 1398 859 1437 sa
873 1379 1050 1455 subderent3
1071 1389 1103 1439 et
1115 1398 1185 1438 eum
1200 1399 1240 1440 ex
1250 1380 1320 1459 plu-

219 1466 303 1526 ribus
322 1464 426 1543 ignatii
452 1463 582 1542 epistolis
603 1463 748 1542 quaedam
769 1463 919 1542 allegasse,
948 1423 1122 1543 arguniento
1142 1483 1206 1524 esse
1224 1473 1321 1546 potest

219 1550 301 1627 quod
312 1549 425 1609 nullam
436 1549 611 1608 nominatim
628 1547 805 1626 designavit,
827 1567 866 1608 ex
882 1569 941 1627 qua
953 1549 1046 1610 verba
1058 1569 1134 1628 qnae
1149 1549 1252 1610 audiri
1265 1571 1321 1610 vo-

218 1635 276 1694 luit
291 1642 418 1696 erueret.

303 1739 333 1799 p-
346 1718 409 1786 465
426 1737 457 1782 v,
471 1720 501 1782 9.
543 1716 583 1774 Ut
595 1716 730 1797 superins
742 1715 968 1778 schismaticus
958 1727 1121 1799 superator
1140 1718 1322 1797 persuadere

113 1803 318 1864 praevoluit
337 1824 354 1862 a
377 1813 509 1882 tempore
526 1821 649 1880 magnae
674 1802 799 1882 synodi,
826 1801 886 1863 hoc
903 1812 949 1863 ast
969 1804 1175 1865 oecumenicae
1197 1815 1322 1864 octavas

216 1889 285 1969 (aut
298 1891 399 1969 potius
412 1887 634 1966 pseudosynodi
647 1888 815 1967 suppositae
830 1908 847 1947 a
861 1889 1013 1949 notissimo
1025 1891 1191 1968 impostam
1205 1889 1322 1964 Photis,

217 1995 307 2054 quarn
324 1973 463 2036 Photiani
482 1993 539 2052 pro
561 1975 748 2034 oecumenica
769 1983 876 2034 octava
898 1983 1049 2034 ostentant
1068 1984 1099 2034 et
1119 1977 1322 2054 venerantur)

216 2060 355 2121 defecisse
366 2062 398 2120 in
411 2058 571 2119 Occidente
584 2078 687 2118 veram
700 2059 913 2118 successionem
925 2059 1124 2138 legitimorum
1136 2060 1321 2139 praesulum,

216 2147 300 2226 quod
313 2148 393 2208 notis
410 2143 449 2204 ad
467 2164 497 2224 Ρ.
507 2145 569 2210 856
585 2165 616 2204 ι.
625 2143 665 2208 14
678 2144 882 2220 refutavimus,
894 2145 936 2202 ita
948 2165 1029 2204 nunc
1044 2145 1111 2225 pari
1123 2146 1263 2205 vanitate
1279 2147 1322 2204 ait

216 2232 316 2292 sedem
335 2235 515 2305 Romanam,
536 2248 575 2288 ex
591 2249 650 2308 quo
672 2228 856 2310 deprehensa
876 2229 1072 2308 damnataque
1094 2230 1177 2290 labes
1194 2231 1321 2292 Honorii

215 2318 322 2392 luerit,
344 2315 546 2378 orthodoxam
563 2333 624 2374 esee
644 2315 762 2374 desiisse
768 2337 777 2392 5
798 2334 858 2394 quo
881 2313 972 2390 nihil,
993 2337 1055 2375 non
1071 2315 1171 2376 dicam
1190 2316 1321 2394 iniquius

215 2412 246 2461 et
259 2402 486 2476 calumniosius,
507 2399 559 2460 sed
574 2409 604 2460 et
617 2400 752 2460 obtusius
766 2401 943 2478 stultiusque
961 2401 1022 2460 dici
1035 2401 1145 2481 potuit.
1190 2410 1226 2460 ut
1244 2402 1321 2462 enim

215 2488 351 2546 omittam
366 2485 546 2545 collisionem
558 2485 668 2564 horum
684 2485 813 2545 duorum
831 2495 1027 2562 assertorum,
1049 2505 1180 2564 quorum
1192 2487 1321 2547 alterum

214 2571 265 2630 hic
279 2571 374 2652 ponit,
396 2570 513 2630 desiisse
523 2569 556 2628 in
568 2569 702 2629 Honorio
715 2569 869 2649 pontifices
880 2571 1030 2631 Romanos
1044 2589 1106 2630 asse
1118 2571 1320 2646 orthodoxos,

215 2657 344 2716 alterum
362 2675 392 2735 Ρ.
405 2655 467 2720 356
480 2673 508 2717 v
530 2655 718 2733 temperius
734 2655 926 2714 adstruxerat
932 2669 1029 2736 ,post
1044 2665 1183 2716 octavam
1199 2657 1320 2716 demum

216 2742 374 2822 synodum,
389 2737 449 2798 hoc
462 2747 507 2797 est
520 2737 656 2798 ducentis
672 2741 757 2800 annis
770 2699 959 2818 ebHonorib,
975 2741 1114 2802 desiisse
1106 2763 1139 2800 nr
1155 2743 1320 2803 Occidente

216 2847 319 2888 varam
331 2825 542 2887 successionem
555 2824 755 2924 legitimorum
768 2827 954 2908 praesulum:
974 2846 1012 2886 ex
1029 2846 1088 2905 quo
1103 2828 1246 2906 seqnitur
1258 2829 1319 2888 Ro-

216 2932 322 2972 manos
339 2911 495 2992 pontifices
513 2910 585 2970 totis
603 2910 687 2970 amris
707 2911 842 2972 ducentis
856 2920 887 2971 et
900 2912 990 2972 luisse
1004 2912 1149 2992 legitimos
1164 2913 1319 2995 pontifices

217 3006 249 3056 et
261 3006 343 3056 recta
357 3005 393 3056 ut
406 2997 509 3056 talasa
524 2995 663 3056 Graecis'
654 2997 724 3094 apsis
739 2998 862 3076 agnitos,
883 3017 952 3056 cum
964 3007 1066 3058 tamen
1079 2997 1247 3060 orthodoxi
1259 3019 1319 3060 uon

215 3092 328 3142 essent:
348 3082 425 3142 illud
438 3081 568 3140 modo
542 3101 600 3158 aro,
621 3082 692 3141 satis
705 3100 767 3140 esse
777 3083 966 3142 manifestum
977 3083 1159 3160 Honorii,'
1135 3107 1162 3144 ar
1174 3086 1243 3164 quis
1255 3086 1317 3160 tuit,

215 3168 332 3246 lapsum
345 3166 377 3226 in
391 3185 472 3226 mera
485 3167 554 3226 lacti
565 3165 689 3226 haesisse
699 3167 909 3246 imprudentia,
930 3169 970 3228 ad
981 3169 1072 3229 fidem
1083 3189 1120 3228 ec
1135 3169 1247 3249 dogma
1261 3170 1317 3228 mi-

215 3253 295 3312 nime
307 3251 493 3330 pertinuisse.
535 3251 651 3330 Sergius
667 3251 840 3353 patriarcha
853 3253 1218 3334 Constantinopolitanae,
1239 3274 1317 3315 non-

215 3337 290 3398 dum
304 3335 420 3416 agnitus
431 3355 488 3416 pro
507 3334 656 3396 haeretico
662 3339 811 3437 ‚scripnt
823 3339 863 3398 ad
876 3339 1043 3400 Honorium
1056 3340 1228 3400 Romanum
1242 3360 1317 3438 pon·

211 3422 323 3482 tilioam
346 3441 425 3480 enno
445 3420 555 3481 Christi
574 3427 652 3496 682,
680 3423 785 3501 agitari
805 3443 911 3502 magno
933 3424 1068 3485 tumultu
1089 3425 1316 3500 controversiae,

213 3506 330 3580 ᾅιιαεηι
345 3527 389 3566 aa
408 3528 474 3568 uno
489 3507 587 3566 eolo
573 3529 608 3568 m
623 3507 744 3568 Christo
765 3507 974 3588 agnoscendae
988 3519 1082 3568 essent
1099 3509 1275 3570 vehemeter
1290 3519 1316 3568 a

212 3596 417 3672 operationes,⁸
438 3592 587 3671 quibus'
561 3593 635 3654 mis
656 3591 877 3673 compescendis
896 3604 1098 3674 opporttmum
1115 3594 1244 3656 iuterim
1263 3594 1316 3654 sibi

211 3678 310 3739 videri
326 3679 497 3758 suggerebat
509 3679 624 3758 imponi
641 3696 659 3735 a
679 3677 820 3758 pontifice
837 3698 877 3738 ex
891 3698 986 3758 aequo
1001 3678 1136 3758 aeuisque
1153 3699 1248 3760 snper
1265 3678 1316 3740 tali

210 3763 403 3824 altercatione
425 3764 582 3824 silentium.
623 3763 695 3823 fecit
713 3764 794 3842 quod
815 3767 976 3843 rogabatur
997 3764 1165 3842 Bononiam
1192 3775 1226 3825 et
1248 3764 1316 3844 qnia

210 3849 273 3909 tale
295 3850 450 3910 consilium
470 3859 584 3912 eventu
604 3849 730 3910 noxium
753 3847 921 3925 catholicis,
947 3849 1138 3911 commodum
1159 3849 1317 3911 haereticis

211 3933 429 4014 deprehemum
443 3943 498 4006 est,
512 3934 678 3995 multorum
690 3943 794 4014 postea
808 3937 935 4014 querelis
947 3945 979 3995 et
992 3935 1251 3998 criminationibus
1261 3955 1317 3996 no·

88 4084 93 4096 ,
209 4039 282 4080 men
298 4020 357 4080 fuit
369 4020 447 4080 illius
459 4028 490 4080 et
504 4020 646 4080 memoria
662 4028 780 4097 notate,
802 4022 885 4100 quasi
900 4031 1011 4082 temere
1025 4019 1175 4082 credendo
1188 4020 1316 4082 subdolo

78 4105 85 4110 ’
210 4103 442 4180 haeresiarchae,
463 4107 514 4183 qni
532 4104 667 4166 nondam
681 4105 797 4168 larvam
811 4107 1003 4186 deposuisset,
1023 4105 1139 4168 haereai
1155 4106 1318 4168 Menotha-

211 4188 334 4250 litsrum
349 4193 521 4269 fomenasm
545 4188 749 4271 impmdr'seet.
790 4191 823 4252 in
845 4211 905 4272 quo
924 4201 990 4252 toto
1007 4193 1074 4272 quis
1094 4211 1159 4252 non
1176 4192 1319 4253 videtne

211 4273 338 4350 primam
350 4274 472 4354 quidem
490 4276 615 4357 speciem
631 4275 803 4338 delectionis
825 4277 864 4337 ab
879 4277 1051 4340 orthodoxa
1064 4275 1132 4352 fide
1145 4277 1319 4360 apparuisse

87 4667 221 4778 Δ
