2782 4792
771 23 783 66 t

408 297 489 373 tlt.
511 301 538 376 l.
592 299 873 374 utossnnluut
1118 303 1192 379 701

86 466 182 553 deipara
195 463 308 548 etim,
329 465 580 553 ditedoritevoer
600 467 679 553 deniq
698 463 742 534 eir
762 465 922 555 ipoyeddq.
965 470 1196 532 hoceatinter·

84 556 335 637 pretessretaero
355 567 477 617 noatrar
507 559 691 638 logariaatea
713 557 808 615 culce
822 567 964 617 namnet
984 571 1012 616 et
1037 569 1196 637 computat

87 661 189 700 nmnea
202 643 318 700 militer
332 647 389 723 qui
405 646 437 702 in
452 643 530 701 aula
543 642 697 723 stipendia
711 653 838 720 merent5
860 655 887 701 et
902 639 1028 724 dispicit
1042 641 1199 722 numquid

86 728 187 786 alicui
202 725 240 786 de
257 727 411 808 stipendio
429 727 523 801 dene,
554 741 611 787 out
626 749 702 788 num
711 729 801 808 plene
814 729 997 808 eatieseoerit
1011 725 1069 808 p'ro
1083 734 1197 810 alipen-

86 811 140 870 dio
164 811 251 892 quaid
274 818 400 894 accepit.
449 813 584 874 meminit
612 813 703 874 huiua
730 813 823 874 officii
848 834 939 895 caepe
964 813 1034 874 aiibi
1054 815 1194 874 Godinua.

86 907 152 960 erat
168 908 197 957 et
211 899 287 958 aliua
304 900 487 976 Logariaetea
502 920 627 978 magnus
644 909 824 960 memoratus
838 901 931 960 eidem
949 920 1014 958 non
1032 899 1140 974 cenreh
1161 910 1197 959 ut

86 988 193 1046 c.2a.
214 985 266 1050 40.
306 984 348 1044 ab
369 985 430 1045 hoc
451 985 536 1066 prior
553 985 750 1064 distinguitur
769 986 1012 1045 adiunctoaulae
1032 986 1194 1045 vocabulo.
1294 997 1302 1018 ‘

86 1069 201 1148 quoda
216 1069 333 1130 Codino
346 1071 490 1130 scribitur
507 1091 533 1136 c.
546 1074 566 1137 6
579 1091 611 1130 n.
625 1075 666 1136 61
681 1071 718 1130 de
734 1071 904 1149 Logariaata
917 1071 1010 1146 aulae,
1037 1062 1127 1144 adeor
1138 1065 1197 1134 caira

86 1153 185 1234 ἔχειτι
202 1153 415 1238 ὖπερηρέτημα
430 1160 515 1236 «νῦν,
545 1177 647 1214 carere
661 1175 741 1215 nune
754 1159 933 1234 functione,
955 1156 1045 1216 facile
1066 1156 1195 1234 quadrat

85 1239 118 1297 in
136 1237 211 1298 haec
227 1250 278 1299 aut
295 1242 386 1322 paulo
401 1243 569 1322 posteriora
588 1241 637 1302 hia
656 1251 808 1324 tempora,
839 1242 948 1322 quibua
972 1241 1085 1301 rixiaae
1099 1241 1194 1299 (todi-

84 1343 145 1383 nua
170 1335 296 1405 putatur
315 1327 370 1386 cub
390 1329 595 1387 Cantacuaeno
621 1336 674 1386 aut
696 1347 765 1387 cum
778 1327 862 1402 illo,
883 1327 942 1386 hoc
961 1337 1005 1385 eat
1019 1325 1194 1406 principatu

84 1410 252 1470 Andronici
268 1411 414 1487 iunioris,
437 1411 524 1472 liuiua
543 1411 728 1489 Andronici,
752 1414 837 1473 caina
850 1411 1006 1472 historiam
1023 1409 1192 1490 Pachyme-

83 1511 134 1555 rea
157 1493 216 1555 hoc
237 1517 328 1576 opere
346 1499 456 1573 tradit,
486 1499 825 1579 nepotiaetaliquando
841 1497 986 1576 collegae.
1030 1497 1194 1556 cumcuim
1228 1523 1231 1530 ·

85 1599 125 1639 ex
143 1577 190 1640 hia
213 1601 290 1660 qaae
307 1603 394 1663 caepe
414 1584 552 1662 auperiua
574 1592 676 1644 noster
693 1594 818 1664 queatua
833 1583 941 1644 eetrde
957 1583 1092 1660 neglecta
1106 1582 1193 1640 colu-1

83 1666 166 1724 tione
180 1668 360 1746 pensionum
375 1669 519 1729 militibua
532 1669 731 1748 decretarum,
752 1689 827 1749 quea
842 1663 935 1754 ρἆας
948 1667 1080 1728 Codinua
1094 1676 1124 1726 et
1139 1667 1192 1726 alii

82 1761 222 1830 vocant,'
234 1752 422 1832 intelligatur
434 1755 544 1814 aenaim
558 1755 718 1814 inductam
734 1758 790 1816 aab
805 1755 979 1814 Andronico
991 1754 1104 1814 seniori
1119 1773 1190 1812 mo-

82 1856 147 1896 ram
160 1839 293 1917 primum
309 1859 377 1898 aero
392 1857 448 1898 nec
460 1839 576 1918 integre
589 1841 725 1900 solvendi
738 1839 821 1922 quod
835 1840 1034 1900 constitutum
1048 1839 1190 1898 militan-

82 1921 164 2004 tibus
180 1934 263 2000 erat,
287 1924 410 2001 deinde,
432 1934 468 1983 ut
483 1935 623 2006 apparet,
645 1947 770 2005 prorsus
784 1925 923 2005 negandi,
944 1926 1045 1985 laeum
1059 1925 1191 2003 ampliua

83 2027 144 2066 non
158 2006 264 2068 habuit
277 2010 394 2069 iurantia
409 2010 598 2087 Logariuatae
615 2012 709 2087 aulae,
734 2011 758 2069 ai
776 2011 837 2070 eiua
852 2020 933 2087 mat,
956 2020 991 2068 ut
1007 2019 1052 2068 eet
1065 2007 1191 2083 dictum,

82 2094 242 2173 providere
258 2105 294 2154 ut
306 2095 421 2172 integre
437 2098 594 2174 peticiones
608 2097 681 2156 iat-ae
695 2117 751 2176 pro
764 2097 853 2164 modo
868 2104 994 2154 navatae
1009 2113 1116 2174 operae
1129 2113 1190 2151 nu·

82 2191 277 2240 mererentur.
320 2184 418 2259 potuit
432 2192 531 2240 tamen
550 2201 657 2240 nmnen
674 2194 703 2240 et
717 2181 816 2241 honor
832 2181 923 2240 huiua
935 2180 1125 2259 meginratus
1138 2197 1190 2238 re-

82 2265 193 2342 tineri,
221 2265 302 2344 quod
321 2266 371 2324 hic
386 2277 488 2327 noster
501 2267 632 2343 indicat,
659 2267 713 2326 etai
728 2267 789 2326 iam
802 2276 868 2326 tum
884 2267 962 2326 forte
972 2311 981 2341 ,
1003 2266 1028 2325 ai
1046 2264 1190 2338 Codinua,

83 2349 170 2407 cu'iua
188 2360 267 2410 aetas
282 2361 326 2410 eat
340 2353 472 2431 incerta,
492 2353 550 2412 aab
563 2354 738 2416 Andronico
754 2351 872 2415 aeniore
887 2351 1024 2434 euripait,¹
1045 2347 1108 2410 eiua
1125 2343 1191 2410 'mi'-

81 2434 256 2507 niatcrium,
277 2434 467 2518 aircqpiaqpa,
490 2447 643 2503 ceaaeaeet.

94 2541 97 2552 ·
168 2525 212 2582 M
216 2519 459 2602 αιμακτηριοὶ
467 2545 485 2585 ν
507 2526 705 2603 p-382r.19.
750 2541 822 2581 cave
836 2531 923 2602 putea
935 2519 994 2581 hoc
1011 2529 1048 2580 nt
1061 2519 1127 2580 aliia
1140 2520 1192 2579 lo-

84 2604 127 2663 eia
144 2603 237 2666 lruiua
248 2606 392 2668 historiae
407 2608 502 2688 priori
516 2620 621 2668 ncatro
632 2609 786 2670 Glosaan’o
800 2607 942 2667 indicatio
953 2609 1191 2687 Μαιμακτηριῶ-

82 2707 122 2752 ra
136 2691 255 2751 lunium
271 2693 340 2751 dici.
383 2706 530 2773 repugnat
551 2697 707 2753 marriseete
723 2693 879 2754 character
896 2695 995 2757 leriae.
1039 2712 1107 2750 nam
1121 2709 1190 2750 cer-

79 2775 228 2836 tissimum
244 2787 413 2837 eatannum
429 2799 488 2858 qao
507 2779 558 2838 uic
580 2787 700 2840 narrata
720 2782 781 2858 geri
803 2779 944 2857 contigit,
966 2779 1058 2837 fuisse
1077 2775 1188 2835 Christi

83 2861 176 2936 1804,
193 2863 244 2940 qui
259 2863 323 2921 aine
338 2864 399 2922 ulla
416 2866 622 2925 controversia
642 2865 761 2944 cyclum
777 2865 849 2924 eolis
868 2863 1038 2923 numeravit
1052 2866 1102 2928 26.
1115 2860 1200 2942 qaia·

81 2961 156 3005 vero
166 2948 330 3030 bisaextilia
344 2951 419 3025 luit,
443 2950 593 3030 duplicem
611 2949 718 3009 habuit
733 2949 862 3010 indicem
877 2948 1044 3009 dominicae
1057 2949 1187 3022 literam,

82 3031 107 3090 ll
125 3039 155 3090 et
178 3033 211 3108 l),
232 3053 358 3112 quarum
375 3035 461 3114 prior
476 3055 567 3114 uaquc
583 3037 678 3101 ard-28
693 3035 848 3095 Februarii
868 3035 958 3111 diem,
978 3033 1186 3113 reliquoinde

79 3125 215 3196 tempore
226 3121 376 3198 posterior
388 3121 420 3179 iu
436 3141 492 3179 uau
508 3123 575 3184 suit.
617 3141 718 3180 menae
731 3121 825 3200 igitur
839 3120 934 3196 lunio,
956 3118 1062 3179 ai'aius
1075 3118 1184 3178 memi-

79 3201 175 3261 aiaaet
187 3201 248 3262 hac
261 3205 329 3264 laco
345 3204 551 3284 Pachymerea,
572 3216 726 3286 oporteret
740 3207 772 3264 in
787 3207 968 3265 Kalendario
983 3204 1023 3264 ad
1038 3205 1117 3264 latua
1132 3206 1185 3264 vi-

79 3286 208 3364 geaimae
231 3290 345 3369 primae
368 3291 426 3350 diei
446 3292 564 3352 literam
586 3293 609 3350 B
630 3292 762 3352 indicem
781 3291 999 3366 aextaeieriae,
1024 3291 1144 3370 quando
1157 3291 1183 3348 1)

79 3373 208 3453 primam
223 3375 357 3453 designat
369 3377 490 3454 seriam,
512 3378 632 3455 signari.
676 3378 759 3454 atqui
779 3387 900 3453 contra,
921 3387 957 3436 ut
969 3377 1067 3458 palam
1083 3375 1185 3434 carni-

78 3466 145 3534 tur,
168 3459 192 3516 D
211 3460 311 3538 litera,
341 3461 497 3523 character
520 3463 669 3523 videlicet
684 3461 851 3523 dominicae
872 3464 981 3544 ipsius,
1010 3461 1194 3538 vigesimam*

78 3542 208 3623 primam
225 3546 305 3604 lunii
319 3547 397 3606 diem
411 3547 546 3628 insignit.
589 3569 652 3608 non
665 3549 756 3627 igitur
769 3550 806 3610 da
821 3550 911 3608 lunio
924 3549 975 3608 hic
992 3565 1103 3606 nermo.
1131 3544 1187 3602 ri-

79 3627 125 3686 dit
148 3627 209 3687 hoc
229 3632 362 3711 quiaquia
382 3644 426 3693 eet
444 3633 773 3718 auetorparaplrraaeoa
790 3635 960 3694 Vaticanae.
990 3649 1072 3690 ¹raam
1089 3629 1115 3688 ia
1128 3627 1187 3688 etai-

78 3709 287 3796 a'libi'aemper
308 3722 572 3800 Μαιμακτηριῶνα
592 3720 714 3781 Iuniam
728 3721 847 3798 reddit,
876 3719 919 3778 aic
934 3725 1055 3800 praeter
1068 3733 1187 3774 morem*

77 3795 163 3858 hunc
174 3800 275 3861 locum
287 3801 488 3884 παραφρᾶζει.
523 3803 622 3891 ἡμέρᾳ
634 3803 689 3886 μὲν
700 3798 758 3869 oria
773 3808 951 3889 παρασκευῇ
967 3795 1184 3883 εἰκοστῇ·πρω’·

76 3905 115 3982 ap
128 3889 184 3947 rad
196 3881 320 3950 Ἰουλίου
333 3886 425 3970 μηνὸς
437 3900 493 3950 ete.
526 3902 678 3953 caeterum
694 3891 746 3952 hic
760 3892 894 3969 argutior
907 3891 940 3948 ia
954 3887 1107 3947 odoranda
1124 3905 1190 3945 vo··

77 3985 122 4028 cra
138 3969 384 4055 Maapotrrqprair
396 3976 522 4056 ancipiti
541 3979 665 4040 notione
685 3997 774 4057 quam
799 3976 915 4036 felicior
934 3974 966 4033 in
980 3992 1040 4032 una
1060 3987 1190 4033 reraex'

75 4055 217 4134 pluribus
237 4059 432 4121 discernenda
454 4063 522 4124 tuit.
566 4083 624 4124 nec
642 4062 722 4122 enim
742 4062 820 4122 Iulio
841 4059 934 4120 mensi
957 4058 1115 4118 character
1132 4054 1183 4116 laic

76 4145 220 4218 congruit
236 4154 271 4203 ut
284 4151 324 4211 21'
341 4146 419 4206 diem
435 4148 522 4208 litere
536 4150 560 4209 B
574 4149 721 4228 insignem
735 4147 853 4208 habeat.
880 4153 952 4204 nota
968 4143 1042 4203 haec
1056 4141 1187 4223 propria

59 4227 191 4288 ‚sextilia
212 4229 422 4310 'aire-dugueti
441 4235 559 4318 anenaia¹
574 4245 634 4311 eat,
663 4241 693 4293 et
722 4229 955 4313 quidemroliua
975 4229 1181 4288 interamnae

71 4312 146 4372 rani
162 4326 291 4376 menaea.
333 4319 425 4380 unde
444 4339 507 4380 noa
528 4319 651 4384 ridetur
675 4317 874 4380 dubitandum
891 4315 977 4398 ‹qniu
997 4313 1186 4397 qaemssattht
