2774 4784
283 317 285 323 ’
417 295 547 365 LlB.l.
599 294 878 370 GLOSSdeUMr
1129 299 1206 371 «717

95 487 166 547 ρετσ
179 456 370 546 κατάρρουν,
391 463 446 524 aed
458 481 535 543 quae
554 481 647 543 anper
664 461 741 523 illud
753 462 887 540 etabaut,
904 463 1052 544 epicurum
1066 473 1097 526 et
1108 467 1206 527 manl-

95 552 238 634 pulorum
252 568 370 630 aggeree
384 546 552 633 προχοέσιιρ
565 547 617 609 laic
630 557 733 610 nostro
747 547 830 627 dicti,
852 558 905 610 aut
915 569 954 610 ex
967 551 1004 609 iia
1017 559 1209 614 arcanarum

95 636 211 696 cumuli
228 637 358 714 frugum.
782 693 789 714 Ι

182 723 366 803 lineatim
386 740 416 800 p.
430 723 473 786 29
488 739 519 780 V.
538 724 589 785 tr.
631 717 833 795 cententiolaa,
849 718 1063 780 diminutivum
1079 740 1095 778 a
1112 722 1210 802 ῥῆσις.

95 809 141 868 ita
155 807 318 887 Gregorius
330 805 481 886 Nyeaenua
494 825 539 866 or.
555 809 594 869 12
605 806 744 881 ἐεξιέἐισ.
785 804 877 866 verba
892 805 955 864 eiua
969 814 1053 866 aunt:
1073 813 1213 889 ναιορχεῑ

95 899 139 979 τῷ
153 891 249 977 κρὸτρι
263 896 326 954 τῶν
343 893 512 994 degrediare,
534 891 733 972 ἐνσατνρέζιον
747 896 812 964 τοῖς
825 886 949 970 ῥήμασι.

184 997 484 1060 σκνρσραγιιιον
504 997 533 1056 p.
546 976 609 1043 504
622 997 652 1036 v.
670 981 702 1042 6.
744 995 820 1056 quae
839 977 934 1036 multa
952 974 989 1035 de
1006 975 1208 1055 aearamangio

97 1073 152 1124 aut
168 1063 369 1122 scaramancio
382 1072 466 1123 verte
483 1062 631 1122 uenatoria
651 1061 802 1142 praecipui
818 1062 941 1122 honoria
953 1061 1100 1122 Meuraiue
1112 1062 1209 1137 docet,

97 1171 161 1209 non
175 1157 297 1228 repet03
318 1167 374 1207 nee
387 1148 521 1208 deacribo
537 1146 586 1206 hic
607 1147 664 1206 alie
679 1149 775 1208 neutri
796 1149 927 1212 eumerio
942 1146 1008 1206 loca
1025 1147 1110 1205 iatiua
1124 1148 1209 1223 quari

96 1234 304 1315 paludamenti
318 1235 498 1294 mentionem
518 1233 665 1292 facientia.
707 1243 829 1293 tantum
850 1235 995 1309 obaervo,
1018 1251 1057 1292 ex
1070 1231 1129 1291 hoc
1144 1233 1209 1292 loeo

98 1319 183 1398 (cum
197 1337 273 1398 quae
292 1320 448 1399 peculiaria
461 1321 551 1380 suerit
570 1319 633 1379 eiua
649 1320 816 1379 vestimenti
837 1321 933 1379 forma
953 1320 1089 1399 nuspiam
1105 1317 1210 1376 bacte-

98 1425 157 1464 uue
169 1405 304 1484 legerim)
319 1405 415 1465 videri
428 1407 516 1464 suinae
536 1406 631 1465 inetur
645 1406 772 1484 penulae
794 1405 908 1484 largum
930 1415 961 1464 et
977 1404 1163 1484 profundum
1177 1404 1210 1462 in

98 1510 218 1550 aummo
232 1500 367 1550 arantum
382 1492 535 1568 caputium
554 1489 706 1568 habentia,
727 1491 819 1572 idque
834 1510 871 1550 ex
885 1511 985 1570 panno
1001 1489 1137 1550 cremiori
1153 1507 1210 1548 nec

96 1576 240 1656 aimplioi,
261 1585 298 1636 ut
317 1577 403 1635 facile
419 1575 506 1635 hiena
524 1585 742 1655 perreveraret.
783 1577 837 1636 tali
853 1578 932 1635 erum
946 1576 1041 1655 ligaua
1060 1583 1210 1655 opportu-

97 1679 172 1720 num
189 1670 353 1721 memorato
370 1659 421 1720 laic
435 1663 567 1722 ludibrio
580 1663 683 1722 fuerit.
724 1681 831 1742 nempe
843 1663 928 1742 pueri
942 1661 1122 1740 Mpyrigerii,
1144 1661 1208 1720 eiua
1224 1665 1246 1720 P
1261 1665 1314 1721 608

96 1747 191 1820 iaetu,
214 1765 314 1806 σοτισι
326 1747 421 1806 mieeia
436 1749 473 1807 ab
486 1749 676 1828 imperatore,
699 1767 825 1828 corpore
837 1747 917 1808 illiue
933 1748 1037 1807 telaria
1051 1747 1133 1828 pallii
1150 1765 1208 1827 pro

96 1832 363 1911 innectebantur,
384 1851 445 1910 quo
462 1853 502 1892 ex
521 1854 574 1894 ore
590 1837 675 1894 navia
688 1833 728 1893 ad
743 1853 850 1912 aquam
866 1834 1065 1914 pertingentee
1081 1834 1114 1892 iu
1125 1851 1209 1895 mara

98 1917 252 1997 caputium
275 1917 506 1998 immergebant,
527 1928 558 1979 et
577 1919 610 1978 id
632 1939 709 1997 aqua
728 1919 883 1999 impletum
902 1919 973 1978 iude
994 1919 1081 1980 velut
1100 1919 1209 1980 eadum

100 2011 154 2061 aut
169 2003 288 2062 situlam
305 2003 461 2064 tollebant.
503 2004 586 2082 quod
606 2006 777 2084 exprimens
792 2005 954 2065 Vatioauua
968 2005 1150 2085 epitomator
1169 2003 1213 2063 aie

99 2087 182 2147 liunc
204 2088 305 2148 locum
325 2084 535 2169 παραφροὶζειι
564 2090 615 2152 nal
635 2086 671 2154 ro*
693 2087 918 2173 σκνρομᾶγγιον
941 2091 985 2165 εἰς
1002 2089 1114 2172 γέλωτα
1135 2086 1212 2152 nutri

99 2168 255 2253 θαλάττης
271 2173 394 2258 idaliae
413 2187 440 2234 et
461 2179 722 2256 scaramangium'
730 2197 786 2254 per
801 2175 937 2236 derisum
950 2179 983 2234 in
1000 2197 1085 2234 mure
1096 2173 1215 2233 demit-

99 2259 193 2322 tebot.
235 2258 287 2318 ubi
310 2259 432 2319 videtur
453 2261 578 2320 inuuere
594 2261 745 2321 cucullum
768 2263 924 2342 praecipue
937 2261 1021 2321 illum
1038 2261 1133 2321 nour
1147 2259 1214 2319 cadi

99 2343 226 2422 liquoris
249 2363 402 2423 capacem,
424 2346 476 2425 qui
495 2365 611 2407 aummo
633 2343 815 2407 adhaerebat
834 2348 1051 2426 ecaramangio,
1072 2345 1216 2426 peculiari

98 2429 165 2489 iure
181 2431 416 2510 scaramangium
439 2431 513 2509 dici,
534 2432 580 2492 uti
597 2433 788 2512 praecipuam
811 2435 873 2494 eiua
888 2443 1021 2513 partem:
1042 2432 1119 2492 illud
1135 2433 1215 2492 enim

100 2514 197 2574 nolum
208 2535 318 2576 cavum
332 2517 478 2596 patulum,
500 2518 610 2596 quippe
623 2517 793 2578 hauriendo
806 2529 919 2602 aptum,
941 2519 1093 2598 inaquam
1106 2537 1145 2578 ex
1160 2539 1214 2578 ora

99 2601 187 2662 navia
200 2600 360 2661 damianum
377 2602 467 2662 suinae
483 2604 652 2683 putandum
669 2613 723 2664 eat.

185 2704 279 2768 σιισρ
290 2688 401 2751 ἐινιᾱ
406 2711 425 2749 ν
446 2709 475 2769 p.
489 2693 551 2754 329
565 2709 592 2749 v.
609 2695 658 2754 13.
700 2691 743 2750 ita
756 2690 844 2770 plane
861 2707 963 2748 omnes
978 2687 1096 2748 coelicae
1107 2705 1214 2748 vocem

99 2769 180 2830 hanc
198 2773 349 2847 scribunt,
371 2794 460 2851 quana
477 2774 545 2834 alibi
561 2774 657 2855 legere
672 2795 737 2836 uon
751 2773 879 2834 manuni.
923 2783 1042 2834 tautum
1056 2773 1138 2853 apud
1150 2773 1216 2834 He·

99 2855 237 2936 ayohium
251 2859 384 2936 reperio:
407 2860 630 2942 σκορδινᾶσθαι
644 2864 731 2940 (puto
748 2859 906 2940 legendum
917 2861 1162 2938 exoptantem)
1178 2853 1213 2922 ‘cd

100 2938 184 3022 nepai
199 2937 296 3018 φύσιν
307 2940 343 3006 τὰ
359 2944 432 3025 μέλη
445 2943 587 3008 ἐκτείνειν
600 2947 654 3009 eol
666 2945 852 3052 στρέφεσθαι
864 2940 938 3025 μετὰ
951 2942 1078 3026 χάσμης.
1098 2945 1225 3026 γίνεται,
1317 2975 1319 2992 ›

100 3023 136 3090 di
151 3029 242 3089 τοῦτο
256 3026 325 3109 περὶ
339 3026 414 3104 τούς
427 3029 637 3114 ἐγειρομένους
655 3030 686 3107 ἐξ
698 3055 816 3108 ennon,
838 3023 919 3094 ὅσον
932 3053 964 3092 ra
978 3025 1145 3110 χασμοέδεις
1161 3026 1214 3093 ὅν·
1319 3029 1320 3042 ’

100 3131 150 3184 τες
161 3109 313 3192 ἐκτείνωσι
324 3111 378 3189 τιές
395 3123 505 3196 χοῖρος.
549 3119 784 3197 σιιορέινιᾶσθιιι
795 3115 940 3194 aiguilioat
952 3125 1073 3196 praeter
1084 3126 1214 3176 natura-

100 3195 161 3254 lem
181 3197 305 3257 modum
322 3201 456 3261 mambre
471 3203 723 3263 utenderemm
745 3201 933 3277 oscitatione,
961 3211 997 3262 ut
1014 3201 1112 3262 colent
1128 3201 1215 3281 quie

100 3299 208 3340 aomuo
225 3285 480 3364 expergiscantur,
502 3288 623 3366 quando
637 3288 824 3349 oscitabuudi
839 3307 944 3348 manua
956 3288 1137 3348 extendunt.
1169 3288 1213 3346 ita

100 3367 168 3446 ilte;
197 3386 235 3426 ex
256 3387 331 3446 quo,
361 3381 415 3430 aut
437 3392 476 3432 ex
496 3373 648 3434 communi
665 3374 788 3452 utrique
807 3374 1010 3452 antiquiorum
1030 3371 1213 3452 scriptorum

99 3453 183 3513 fonte
191 3497 200 3528 ,
221 3453 286 3512 eine
300 3455 392 3517 dubio
405 3477 493 3518 auum
511 3457 570 3521 boo
584 3461 652 3520 loco
668 3461 846 3541 σκορδινιᾶν
858 3459 1055 3540 Pachymerea
1068 3457 1213 3534 hauserit,

99 3540 190 3598 etiam
209 3542 413 3602 extensionem
427 3564 570 3606 manuum
591 3564 775 3621 memorent,
795 3566 886 3626 quam
901 3543 1112 3606 trucidationie
1123 3557 1214 3602 exer-

100 3623 215 3704 cendae
228 3625 345 3706 rignum
363 3628 493 3690 Meleona
512 3630 563 3690 hio
583 3632 644 3692 auia
657 3631 823 3692 inetituiaae
834 3633 954 3692 dicitur.
996 3625 1100 3711 p'arem
1115 3629 1215 3689 cuiue-

100 3708 172 3854 §pam
181 3717 366 3857 ιαηρροιιοιέι
396 3715 604 3778 crudelitatem
632 3719 843 3798 epigrammate
869 3721 911 3784 86
934 3716 1004 3777 libri
1031 3720 1053 3781 7
1082 3713 1216 3776 ιηὰιιοὶι

150 3796 189 3856 rl'
223 3797 229 3809 ⁸
1217 3845 1218 3850 ,

187 3884 546 3968 σπουδαισνριβιῖν
567 3907 597 3966 p·
608 3886 671 3954 884
687 3907 721 3950 ve
736 3891 768 3952 7.
802 3884 932 3947 uerbum
950 3885 1215 3967 σπονδοιοτριβεῖν

100 3965 169 4026 alibi
190 3987 252 4028 non
267 3970 377 4048 reperi.
419 3971 471 4031 aad
489 3971 599 4052 partim
617 3991 656 4034 ex
673 3971 836 4051 originibus
858 3968 1015 4047 vocabuli,
1044 3972 1155 4052 partim
1176 3991 1215 4032 ex

100 4060 250 4114 contextu
268 4053 343 4133 loci,
365 4057 439 4136 quid
459 4059 573 4118 valeret
591 4057 651 4119 hoc
666 4057 733 4116 loco
746 4055 898 4134 divinavi,
920 4065 958 4116 ut
971 4065 1003 4118 at
1018 4057 1074 4118 ieci
1093 4057 1164 4118 aliae
1181 4059 1213 4118 iu

93 4135 322 4216 ιέἐιιιδοπσιιεῖν,
343 4140 583 4227 ἐέπιέοτρίβησις
598 4153 630 4204 et
643 4143 797 4206 rimilibue

92 4247 95 4263 ¹
186 4228 342 4290 oreoald
349 4249 412 4292 ιον
433 4249 463 4309 p.
481 4233 542 4296 146
556 4249 588 4288 v.
603 4231 634 4295 4.
674 4237 721 4288 eet
733 4227 901 4290 meotidem
913 4227 1085 4288 aubeellium
1099 4237 1153 4289 aut
1164 4227 1215 4289 lo-

99 4307 186 4370 oulue
192 4351 205 4386 ,
226 4310 260 4370 iu
278 4331 340 4390 quo
353 4313 403 4376 vel
418 4315 606 4384 ooueideutee
617 4313 668 4377 vel
687 4311 796 4376 stando
809 4313 972 4377 munnae
987 4315 1214 4397 acquiescebant
