2782 4792
139 295 141 298 ’
201 277 302 360 666²
504 273 744 351 Quemvis.-
764 271 1004 352 PAOEYMER

201 433 1322 524 ulminnonnalauossnsnsiamviusqasmtomss

202 525 300 594 verbo
316 523 564 613 rhamsesis
576 527 639 590 lroc
650 529 720 612 ipso
732 526 887 590 Glossario
899 539 1050 592 notamus.

287 617 459 698 doristus
476 637 511 698 p.
525 618 676 683 swas.
719 613 794 694 quid
811 614 872 676 sint
890 612 952 676 boe
970 613 1042 674 loeo
1062 612 1175 694 dos'sto
1190 610 1318 692 quaeri-

68 729 82 746 ··
201 709 263 764 tur.
306 707 384 782 puto
398 700 479 760 idem
496 700 580 782 quod
595 699 722 781 domini
741 707 773 760 st
792 699 932 781 domne,
948 697 1099 760 vocabula
1117 697 1239 758 dudum
1258 717 1332 768 ex-,

200 785 314 868 pliosts
329 805 348 846 s
359 785 502 863 dleursio,
524 785 606 848 dolis
617 784 763 846 videlicet
777 784 893 846 vinaria
907 784 1007 864 lignes
1017 781 1159 861 rotunda,
1179 781 1319 864 qualium

200 871 321 951 liquore
336 889 506 932 vacuorum
519 881 552 932 et
568 881 652 934 tsrrs
665 869 861 952 oppleturum
878 890 952 932 usus
970 859 1019 932 esi
1028 871 1170 950 bequsm
1182 869 1217 930 iu
1233 867 1319 936 subi,-

200 956 242 1017 tis
256 956 526 1036 obvallatiouibus3
546 977 622 1038 quss
636 955 719 1018 Galli
731 953 825 1016 bodie
837 954 1017 1018 bmr'cadss
1027 963 1150 1033 somni,
1172 953 1244 1034 quis
1254 951 1318 1012 do-

198 1041 244 1104 lis
256 1042 374 1104 rinsris
388 1041 547 1118 harricus,
567 1041 648 1118 sive,
669 1050 705 1102 ut
720 1041 977 1118 solentsoribere,
1000 1041 1183 1121 hotriquea,
1205 1037 1318 1120 appal-

199 1125 277 1194 lsut.
317 1127 402 1188 Italis
413 1127 559 1190 ennodi
574 1125 656 1187 dolis
667 1127 749 1188 botta
762 1127 916 1197 dicuntur,
928 1145 1003 1189 vocs
1014 1127 1142 1208 propius
1153 1124 1317 1186 accedente

201 1211 243 1275 ud
253 1233 364 1276 1111111111
375 1213 478 1289 butri,
504 1211 592 1274 cuias
606 1211 811 1292 significatum
822 1211 940 1274 obtinet
952 1222 983 1274 et
999 1213 1125 1274 toruus
1138 1210 1223 1289 origo
1238 1218 1295 1270 est.

286 1294 437 1381 pinsile
457 1291 592 1381 ἅγιόν
612 1296 702 1378 1144
723 1317 754 1361 v.
767 1302 799 1366 8.
840 1297 874 1358 in
893 1295 987 1360 huius
1007 1299 1198 1358 enarratione
1216 1291 1316 1372 salagii

201 1381 350 1445 dissident
361 1383 493 1444 invicem
505 1382 693 1462 gnmmstici
704 1382 859 1444 sententiis
871 1383 1024 1444 coumrie
1038 1381 1216 1444 commissis.
1257 1380 1315 1440 Ze-

201 1469 313 1532 nobins
327 1477 407 1532 cent.
421 1475 444 1538 2
457 1489 490 1532 n.
504 1473 558 1544 92,
579 1468 758 1548 Anonymns
766 1467 931 1530 Vaticanus
944 1477 1023 1530 eant.
1039 1474 1055 1534 1
1073 1487 1105 1526 11.
1120 1467 1175 1546 65,
1199 1465 1314 1534 Eusta-

95 1553 120 1610 l’
135 1549 188 1612 167
201 1553 289 1614 thius
303 1552 343 1613 sd
354 1554 472 1618 Iliade
489 1574 521 1632 p.
537 1557 598 1620 791
611 1553 658 1616 ed.
672 1555 759 1616 llum.
769 1553 961 1626 contendunt
973 1573 1029 1634 psr
1040 1551 1240 1633 sutiplsrssim
1254 1547 1315 1610 dici

204 1639 245 1699 de
256 1659 291 1700 re
302 1640 436 1705 molesta.
478 1637 586 1700 Suidss
599 1638 834 1700 monatarius
846 1641 954 1704 ceut4
969 1659 999 1700 n.
1011 1639 1062 1704 94.
1083 1637 1128 1702 sic
1140 1635 1314 1700 auimscri-

204 1723 270 1786 bit:
288 1720 401 1807 yiuxslc
418 1718 521 1808 ‹in
539 1717 580 1790 ου’
596 1717 665 1790 κατ’
687 1723 866 1789 ἐναντίωσιν
885 1723 910 1804 sl
928 1725 1085 1807 nonensis·
1105 1717 1181 1786 dud
1203 1715 1315 1803 βουλό·

204 1831 298 1892 pssoc
318 1809 432 1882 simis,
462 1801 488 1895 gi
506 1806 617 1893 rionis
634 1805 703 1913 ἤθη
719 1803 867 1894 ἐχρήσατο
885 1805 1018 1873 Πλάτων
1038 1807 1058 1872 d
1075 1801 1209 1890 κωμικὸς
1223 1805 1258 1870 ἐν
1273 1808 1316 1890 τῷ

205 1889 324 1958 Φάωνι.
357 1891 453 1980 piper
473 1887 507 1959 δ’
530 1889 614 2002 crispi
636 1893 792 1960 dnoaesm
812 1894 890 1976 ἐρᾶν
911 1888 1106 1979 αὕληπρωος,
1136 1885 1316 1980 ᾆχρρσοῦν

202 1973 349 2061 deleme
363 2028 372 2044 .
386 2027 396 2045 .
411 2027 421 2045 .
436 2027 444 2044 .
459 1971 486 2043 si
500 1984 613 2061 ydusuc
623 1973 738 2062 drusio.
770 1981 881 2042 Suidae
892 1980 1092 2061 Psabymeres
1105 1977 1255 2039 accedeus
1268 1977 1314 2036 ts-

202 2065 294 2126 cilem
307 2065 346 2126 sd
363 2065 486 2146 quidvis
501 2066 599 2126 cuivis
617 2066 847 2148 gratificandum
862 2067 1006 2147 Coryleni
1024 2064 1160 2148 episcopi
1180 2063 1314 2136 selmum

88 2215 90 2220 ,
202 2147 264 2212 bac
277 2151 409 2212 formula
420 2153 577 2233 expressit.
959 2217 961 2223 ,

126 2251 129 2256 “
287 2237 412 2312 δεῖξις
432 2259 464 2318 p.
478 2237 541 2303 524
555 2257 585 2300 1.
602 2234 652 2304 14.
686 2235 761 2316 quid
774 2234 888 2296 sithoc
901 2233 971 2296 loco
987 2235 1088 2312 δεῖξις,
1101 2229 1157 2320 diu
1167 2229 1315 2314 quaesivi.

198 2339 258 2383 nee
279 2321 414 2400 vulgaris
439 2321 523 2382 notio
551 2323 731 2382 ostensionis
754 2323 806 2384 vel
828 2320 1055 2396 ostentationis,
1074 2339 1131 2380 nec
1153 2317 1315 2399 peculiaris

199 2425 292 2486 quam
315 2415 402 2466 notat
420 2406 604 2467 Plutarchus
621 2407 834 2468 convivalium
855 2427 1029 2468 sermonum
1049 2406 1070 2466 l.
1089 2409 1110 2473 8
1134 2413 1249 2484 quaest.
1265 2399 1312 2478 15,

200 2489 316 2552 doeens
336 2491 381 2551 sic
396 2491 502 2551 vocari
523 2491 654 2574 speeiem
668 2502 721 2554 aut
736 2502 854 2574 partem
873 2492 1022 2573 quandem
1043 2483 1199 2574 inclusus·
1219 2488 1314 2548 anda-

202 2577 309 2653 nemis,
327 2574 392 2636 huo
406 2575 568 2658 quidquam
581 2577 707 2638 iaciunt
750 2578 915 2658 aliquando
929 2575 1103 2658 suspicabar
1115 2576 1212 2650 δεῖξιν
1226 2591 1314 2634 vocs·

200 2669 422 2742 tumeampum
437 2661 587 2742 quendam
600 2661 807 2723 suburbanum
821 2663 888 2724 urbi
900 2661 1109 2742 Adrianopoli,
1123 2659 1156 2719 in
1169 2679 1231 2740 qua
1242 2668 1313 2719 tune

201 2745 591 2829 diverssbsturimperator
604 2746 744 2826 michael,
765 2749 942 2827 exereitum,
964 2757 1001 2808 ut
1016 2748 1093 2809 solet
1109 2743 1193 2820 fieri,
1214 2744 1247 2804 in
1262 2764 1312 2802 cs-

201 2831 276 2896 stris
293 2831 406 2894 babens
420 2831 601 2896 suburbanis
614 2832 684 2894 looo
701 2835 794 2910 δεξις
805 2843 914 2896 vocato
927 2832 1051 2917 positis,
1072 2829 1110 2892 sd
1125 2849 1204 2912 quse
1218 2827 1311 2898 seille

202 2927 271 2980 sam
289 2918 370 2980 torte
389 2919 569 2980 contulisset
584 2939 654 2980 cum
670 2919 830 2980 nuntiatus
847 2930 892 2980 est
909 2921 1057 2983 adventus
1071 2915 1217 2976 Caesaris.
1259 2933 1312 2974 nec

201 3001 361 3065 abluderet
380 3024 453 3065 usus
468 3003 699 3086 praepositionis
715 2998 791 3082 deri,
813 3025 889 3086 quse
905 3024 995 3087 saepe
1010 3001 1180 3084 aequivalet
1191 2999 1311 3060 Latinae

197 3109 257 3172 per
270 3088 414 3150 stlocum
426 3109 483 3172 per
496 3111 587 3173 quem
600 3093 664 3152 itur
679 3091 810 3151 denotat
841 3092 888 3151 sle
900 3089 1050 3151 Homerus
1064 3085 1155 3147 babet
1166 3079 1266 3150 ’Odere
1277 3087 1309 3162 ξε

201 3177 305 3257 2stoov
321 3167 372 3238 ἄν’
392 3171 521 3239 diodero
530 3198 590 3258 per
603 3178 706 3235 Iocum
719 3177 884 3256 virosum,
904 3184 935 3237 st
956 3173 1029 3236 alibi
1048 3167 1108 3236 11νᾶ
1121 3165 1250 3254 στρατόν
1259 3191 1310 3252 per

201 3261 374 3320 mamm.
422 3260 553 3322 aliorum
573 3281 693 3342 quoque
712 3263 897 3342 scriptorum
920 3259 1116 3321 classicorum
1140 3257 1310 3318 testimonis

201 3343 237 3406 in
256 3353 410 3427 promptu.
451 3347 504 3408 sed
520 3346 610 3426 ligero
629 3347 809 3408 sententiam
827 3347 860 3408 in
876 3347 1051 3406 coniectura
1065 3363 1148 3404 mera
1165 3363 1230 3402 non
1245 3361 1311 3401 sum

200 3451 309 3508 susus,
332 3429 429 3492 donec
443 3433 607 3494 suctoritas
621 3453 669 3493 ma
686 3432 810 3493 deceret
827 3432 935 3493 idonea
953 3432 1054 3493 locum
1068 3429 1112 3490 ita
1125 3427 1310 3488 nominatum

200 3535 302 3598 prope
313 3515 546 3600 Adrianopolim
564 3519 664 3579 luisse
704 3517 785 3578 illud
805 3517 839 3578 in
856 3517 917 3579 hoc
931 3517 1023 3578 dubio
1042 3515 1127 3595 quod
1146 3513 1248 3574 minus
1260 3511 1310 3570 in-

199 3599 409 3664 verisimiliter
422 3622 561 3684 sequerer
571 3623 603 3676 se
613 3621 707 3664 unum
719 3603 841 3682 obtulit,
851 3611 996 3665 novatum
1006 3605 1040 3663 in
1053 3619 1112 3661 usu
1123 3599 1209 3660 vocis
1222 3597 1310 3658 lanius

198 3683 252 3748 tsic
274 3686 392 3768 sliquid
413 3707 575 3768 agnoscere
593 3709 631 3748 ex
654 3690 855 3770 posteriorum
876 3688 1002 3750 militari
1017 3683 1180 3770 disciplina
1195 3693 1312 3764 tempo·

198 3791 278 3836 rum.
322 3793 433 3853 nempe
444 3775 570 3853 Franci,
592 3774 644 3855 qui
654 3795 710 3856 per
723 3774 824 3835 Asiam
836 3774 916 3835 sacri
930 3773 1007 3834 belli·
1023 3792 1113 3832 causa
1129 3771 1185 3831 diu
1197 3769 1312 3830 milita-

192 3863 332 3937 ‘ver'snt‚'
347 3879 454 3920 census
473 3858 622 3934 militum,
644 3861 746 3940 quales
759 3861 889 3920 maxime
901 3851 1115 3922 solvendorum
1132 3855 1239 3937 cuique
1252 3853 1312 3914 sti-

197 3944 381 4024 pendiorum
393 3944 552 4022 occssione
564 3967 582 4005 s
596 3945 674 4006 duca
689 3947 757 4028 ipso
768 3965 908 4026 supremo
922 3964 992 4025 rege
1006 3952 1059 4004 aut
1067 3943 1249 4024 imperatore
1263 3959 1313 4000 ce-

197 4027 371 4104 lebrantur,
392 4023 534 4092 montres'
542 4029 694 4112 hodieque
713 4040 844 4108 vocam,
872 4031 960 4116 quasi
982 4030 1097 4098 diceres
1120 4029 1312 4093 ostensione-o

198 4114 309 4193 quibus
322 4113 440 4177 scilicet
457 4117 663 4197 unusquisque
682 4117 813 4178 militurn
829 4116 991 4176 adnomen
1001 4117 1112 4175 citatus
1132 4133 1165 4174 se
1179 4111 1314 4174 ostendit

198 4205 289 4277 atque
307 4199 439 4262 exhibet.
484 4203 676 4262 menifestum
700 4211 800 4264 nutem
821 4212 885 4280 est,
896 4202 932 4262 si
953 4202 1023 4282 quis
1042 4219 1149 4262 vocem
1164 4195 1314 4271 Gallicam

200 4295 316 4346 mentre
333 4285 451 4348 Graeco
470 4287 620 4352 vocabulo
634 4287 707 4352 salit
720 4288 857 4366 reddere,
878 4307 942 4356 non
954 4285 1039 4358 aliud
1054 4285 1155 4368 sptius
1170 4291 1315 4366 repertu·
