2760 4776
175 331 251 402 852
311 343 317 354 '
439 321 459 382 ι’
484 315 724 390 OBSERVAT.
747 313 993 386 Plomma.

192 497 253 590 3¹3¹
282 489 406 585 ssffit
425 483 554 580 htv-3¹⁸⁰·
632 481 790 546 Tredecim
803 481 936 542 Venetae
945 478 1099 541 triremea
1113 495 1192 538 cum
1208 485 1324 576 eeptem

244 579 249 592 '
293 575 407 636 uncum*
516 566 524 578 ⁰
591 569 727 654 piraticie
747 567 876 630 navibue
891 565 1021 627 meuidie
1041 568 1324 645 Conatantanopo-

289 641 405 739 B'v'lfff
434 634 556 683 mmm
590 657 645 718 lim
668 655 795 717 inlettee
815 653 1026 728 invehuntur,
1064 659 1206 734 portum
1231 650 1323 710 Cerae

182 764 266 830 1302
347 755 368 817 ss
434 749 539 870 ὥρῃ
591 740 848 886 dictumineug,
864 740 1026 884 l:rainone
1040 737 1227 883 imperiplia
1241 736 1323 836 pala-

492 883 513 945 9
591 839 628 974 :ld
643 835 776 974 ⁸ttdlldoild
782 847 871 972 obvla
886 835 1323 990 idmltgegrzddlddtlmffl

589 1011 721 1061 retorem
751 1006 864 1078 cogunt
890 997 1065 1058 concedere
1093 995 1187 1076 quod
1215 995 1320 1074 legatia

592 1084 713 1146 Venetia
732 1082 961 1144 Thessalonicae
985 1091 1182 1161 negaverat,
1214 1097 1319 1160 nempe

592 1169 800 1232 remiuionem
826 1167 939 1228 multoe
964 1177 997 1227 et
1021 1167 1317 1246 expignerationem

592 1257 746 1316 bonorum
763 1261 996 1334 occupatorum.
1040 1253 1066 1312 l.
1083 1251 1108 1314 4
1125 1274 1152 1312 c
1171 1257 1229 1319 23.

633 1340 748 1402 Eodem
769 1348 906 1426 tempore
921 1339 1037 1420 piratae
1066 1337 1180 1399 inenla
1201 1337 1316 1400 Painei·

592 1426 1314 1592 llllilttitttttp‘ttttfftsstttlft

591 1601 704 1672 timna,
729 1615 804 1675 quoa
818 1591 885 1656 illic
900 1595 1043 1656 fecerant.
1092 1597 1116 1658 l.
1131 1597 1153 1660 4
1170 1618 1202 1659 c.
1217 1599 1269 1662 24.

637 1683 747 1750 Clauao
764 1683 931 1762 Magneeiae
945 1680 1097 1742 michaele
1110 1682 1253 1761 Augeato
1267 1681 1311 1740 in-

594 1769 699 1844 niore‚
718 1767 806 1828 Alani
823 1767 878 1846 qui
891 1766 946 1828 eub
964 1786 1001 1827 eo
1018 1766 1220 1844 militabant,
1243 1768 1310 1826 mia-

594 1855 709 1916 aionem
729 1863 851 1934 petunt.
894 1873 982 1932 aegre
1000 1851 1130 1915 tendem
1153 1853 1309 1914 blanditii·

595 1935 759 2000 verborum
773 1936 926 1999 taimeetre
944 1957 1047 1998 morae
1063 1938 1206 2020 epatium
1219 1939 1257 1997 ab
1274 1938 1307 1995 iia

595 2026 786 2105 impetretur.
829 2023 963 2084 monitus
982 2023 1020 2083 de
1047 2023 1100 2084 ltia
1117 2023 1307 2086 Andronicus

596 2111 825 2173 enbminiatrare
841 2109 906 2168 filio
921 2130 956 2169 ea
969 2107 1083 2189 quibua
1099 2122 1222 2189 egeret,
1244 2128 1307 2168 cum

596 2195 727 2256 maxime
739 2195 852 2270 vellet,
874 2195 988 2275 nequit
1030 2195 1052 2256 l.
1067 2197 1090 2262 4
1104 2215 1132 2259 c.
1151 2202 1207 2263 19.

642 2280 727 2355 Quae
745 2279 952 2360 impedierunt
972 2279 1187 2342 Andronicum
1204 2302 1221 2340 a
1236 2299 1307 2362 pro-

597 2365 738 2428 videndia
758 2386 835 2445 quee
854 2365 1021 2428 necessaria
1046 2375 1137 2428 erant
1165 2364 1306 2428 exeacitni

600 2451 728 2532 Anguati
742 2451 906 2528 ffichnfflie,
928 2453 1062 2528 fuerunt,
1085 2463 1214 2533 praeter
1223 2451 1306 2512 modo

598 2547 798 2597 memoratum
812 2537 926 2596 bellum
937 2537 1098 2614 Venetum,
1115 2539 1227 2600 turbae
1238 2548 1306 2598 tunc

598 2631 722 2683 coortae
741 2621 1013 2683 ecclesiasticorum
1043 2621 1078 2684 in
1109 2625 1208 2702 urbe,
1239 2642 1306 2704 qnae

599 2715 763 2770 nat-rantur
778 2707 801 2769 l.
816 2706 838 2772 A
856 2729 914 2769 ec.
929 2713 971 2774 27
988 2709 1106 2768 leread
1119 2709 1218 2770 finem
1232 2708 1305 2770 libri.

642 2794 710 2854 Hoc
721 2813 803 2854 anno
817 2794 898 2854 inter
910 2794 1053 2853 Carolum
1072 2815 1177 2874 regem
1194 2797 1306 2876 Neapo-

598 2880 728 2940 litanum
744 2889 775 2940 et
786 2879 976 2940 Fridericum
987 2878 1200 2942 dominantem
1218 2882 1251 2941 in
1263 2882 1306 2939 Si·

599 2965 669 3026 cilia
687 2973 758 3045 poet
771 2965 883 3024 bellum
907 2965 1085 3026 diuturnum
1105 2987 1169 3047 pax
1187 2967 1304 3038 coaluit,

600 3052 750 3112 Eleonora
766 3050 865 3110 Caroli
881 3047 942 3110 filia
955 3050 1114 3111 Friderico
1129 3053 1165 3111 in
1184 3071 1306 3114 uxorem

600 3138 677 3196 date
721 3131 1307 3216 llliamhanccaroliPechymereaEca·

600 3219 751 3284 tlterinana
774 3240 931 3303 perperam
951 3232 1056 3296 vocata
1087 3224 1179 3284 cuine
1201 3223 1306 3284 ean-oria

599 3306 791 3367 occaaionem
809 3307 843 3367 in
856 3307 936 3367 notia
949 3309 1058 3370 resero.
1097 3310 1242 3389 pontifex
1256 3310 1308 3368 Bo-

602 3391 732 3453 nilaciua
755 3411 804 3452 eae
822 3393 945 3473 nuptiae
969 3401 1000 3452 et
1019 3412 1127 3473 pacem
1149 3395 1308 3476 approbat,

500 3529 504 3534 .
601 3479 675 3540 licet
694 3477 729 3536 in
749 3477 973 3538 conditionibue
993 3479 1103 3538 mutari
1120 3482 1243 3560 aliquid
1259 3501 1309 3540 vo·

602 3564 705 3623 luerit
748 3563 820 3624 vide
853 3563 1113 3624 accuratissimum
1143 3565 1309 3628 Odoaicum

605 3645 796 3728 lleynaldum
812 3648 873 3710 hoc
888 3669 967 3710 anno
984 3670 1001 3709 a
1019 3670 1150 3710 numero
1166 3658 1184 3717 1
1204 3654 1289 3720 edd.

566 3749 567 3758 ¹
646 3733 792 3812 Rogerina
827 3733 949 3811 Lauria,
990 3755 1079 3816 quem
1111 3737 1310 3819 Pachymeree

603 3820 802 3880 Rontzerium
825 3820 975 3896 nominat,
1006 3821 1059 3900 qui
1080 3820 1163 3883 bello
1186 3845 1310 3905 praece·

605 3905 695 3964 dente
718 3905 872 3966 Friderico
902 3905 1019 3968 utiliter
1048 3907 1253 3988 militaverat,
1277 3911 1310 3970 ab

604 3989 780 4050 Andronico
804 3991 1004 4071 imperatore,
1028 3993 1078 4054 cui
1101 4015 1135 4055 ae
1156 3997 1312 4080 suppetiae

604 4084 769 4137 venturum
792 4077 960 4154 obtulerat,
982 4079 1095 4159 cupide
1115 4094 1263 4166 acceptna
1285 4093 1313 4144 et

605 4160 771 4242 diplomate
798 4183 888 4223 aurea
913 4163 1000 4224 bulla
1025 4166 1148 4229 munito
1178 4171 1219 4230 ad
1249 4191 1313 4252 apes

604 4247 720 4328 amplae
732 4246 895 4326 invitatua,
916 4249 1044 4310 eleatem
1059 4262 1090 4312 et
1104 4255 1214 4337 copiae
1229 4269 1314 4342 parat

605 4331 971 4413 adeoproliciacendum.
1017 4337 1185 4410 L5212,
