2782 4792
242 303 301 372 nn
326 301 579 373 mnnomoo
604 305 889 374 ramnonoco
915 237 1038 384 n⁵vaa
1124 261 1198 380 aaa

79 495 148 558 τες,
177 471 220 554 ὥς
234 472 388 553 εδθίκτοις
401 477 452 542 καὶ
465 473 555 543 ἄλλοι
570 478 714 562 προδοΐεκ
730 471 769 542 ds
783 473 860 556 ίσιος
876 485 946 555 ταῖς
961 473 1201 566 φιλανθρώποις

86 582 120 647 ἐκ
141 577 250 668 φήμης
270 580 529 667 μετεωρισθέντες
550 582 661 649 ἐλπίσι.
711 586 813 646 ταῦτα
835 581 973 668 λέγοντες
992 587 1032 668 τῇ
1049 579 1201 667 δεινότητι

85 690 151 751 τῶν
166 681 266 768 λοήιον
279 681 370 765 μόλις
383 684 439 749 τὸν
452 679 618 770 βάρβαρον
633 680 879 770 κατεργάζονται.
933 687 985 750 καί
998 686 1039 751 τὰ
1050 687 1107 768 μίν
1121 683 1202 771 χρά-

86 813 174 870 ματα
188 785 365 875 ἀφαιρεῖται
372 835 383 867 ,
410 787 512 871 γομνιλ
527 788 562 852 δὲ
574 792 638 852 τῶν
653 783 786 868 ἐνόντων
799 787 840 854 τά
858 782 992 871 οάματα
1012 794 1215 872 καταλείπει,

61 890 173 958 6ὡ’στ’·
184 893 211 955 εί
223 891 280 973 μὲν
293 889 393 974 μίνειν
406 891 538 973 θέλοιεν,
553 891 737 976 κηδεμονίας
750 890 834 968 τινδς
844 889 1024 972 ἀξιοῦσθαι,
1039 895 1067 958 εί
1079 895 1098 958 δ
1103 892 1114 918 ’
1130 885 1198 973 adr,

81 993 161 1060 τᾶλλ’
176 991 219 1070 ὥς
233 994 355 1077 ἔχουσιν
372 993 405 1072 ἐξ
417 994 516 1078 αὐτῆς
532 990 799 1060 ἀπαλλάττεσθαι.
852 996 1018 1081 προῆγενδέ
1032 996 1089 1072 τὰς
1102 993 1199 1066 δονά-

85 1123 170 1181 μεις,
198 1096 260 1163 oind
278 1098 412 1184 ῥυτῆρος
427 1095 579 1180 ίλαάνων,
604 1100 655 1164 καὶ
672 1098 721 1162 ἐπί
741 1099 781 1164 τά
799 1099 892 1165 λοιπὰ
904 1096 1051 1186 φροάρια.
1088 1096 1194 1187 princ)
1213 1107 1237 1162 D

85 1202 120 1267 d’
133 1204 217 1268 iusso
232 1197 449 1288 συμπεριάγειν
464 1204 519 1268 καλ
532 1199 589 1268 τὸν
604 1202 771 1268 ἐπίσκοπον
784 1243 785 1250 1
796 1205 809 1284 (
819 1203 941 1269 Πανίου
963 1202 997 1268 δ’
1021 1193 1115 1280 οὗτος
1137 1197 1199 1289 ἦν)
1268 1257 1288 1306 p„

86 1307 138 1370 καί
153 1303 309 1371 τὰπολλὰ
324 1307 374 1370 καί
388 1303 484 1371 adeda
501 1301 708 1393 ἐφιστάμενον
721 1316 878 1390 συνεργεῖν
886 1316 956 1382 τοῖς
966 1307 1093 1392 ἐχθροῖς
1100 1355 1111 1388 ,
1139 1305 1195 1392 ἐφ’
1285 1301 1287 1308 ’

44 1400 113 1496 topi
132 1409 308 1494 προδιδοῖεν
327 1408 360 1472 ci
382 1407 495 1484 πόλεις.
547 1412 598 1474 καὶ
623 1408 674 1473 dni
696 1415 797 1475 ταῦτα
819 1406 862 1485 ὥς
881 1409 961 1486 εἰκὸς
974 1413 1026 1476 καί
1038 1409 1125 1496 παρὰ
1139 1416 1198 1495 τῆς

87 1514 248 1596 ἐκκλησίας
267 1512 379 1586 ἐκεῖνος
399 1508 574 1595 apd-iduato,
605 1515 656 1578 καί
673 1509 696 1594 ἡ
716 1515 785 1597 δίκη
809 1510 1004 1600 πατριάρχου
1016 1510 1197 1600 γράμμασιν

86 1616 235 1700 ίδηλοῦτο
256 1621 303 1705 τῷ
324 1615 595 1684 καταδικασθέντα
647 1617 761 1692 ἐκεῖνος
781 1617 817 1682 δὲ
839 1616 919 1704 πρὸς
937 1616 996 1701 τὴν
1016 1613 1125 1704 φήμην
1144 1619 1197 1684 καλ

85 1719 127 1785 τὰ
150 1725 207 1802 τῆς
228 1717 372 1802 ποινίμοο
386 1722 473 1802 δίκης
487 1714 706 1805 δπιραλγήσας
714 1768 725 1801 ,
750 1727 860 1807 καιροῦ
876 1719 1070 1809 δραξάμενος
1080 1718 1194 1810 φεύγει,

85 1825 138 1890 καί
151 1823 208 1906 τὴν
226 1824 375 1907 ταχίστην
390 1829 434 1912 τῷ
448 1828 573 1905 βασιλεῖ
584 1824 794 1908 παραγίνεται.
895 1850 899 1856 ·

45 1935 81 1991 1⁵
190 1926 252 1995 Ἠ.
303 1925 457 2002 Βασιλεδς
481 1927 516 1992 dd
541 1936 611 2002 'caric
631 1925 694 1992 ἇπδ
710 1931 774 1992 τῶν
790 1927 914 2003 ξενικῶν
929 1924 1029 1992 tantm
1042 1926 1196 2013 μετίωρος
1213 1935 1236 1992 P
1251 1933 1303 1990 435

86 2130 242 2210 σπόνδοος
263 2133 296 2199 ἐκ
315 2128 505 2219 τιμημάτων
533 2128 749 2221 προσάγεσθαι
768 2131 849 2208 «τοδε
870 2128 1064 2221 ἀλάστορας.
1117 2137 1150 2199 Γ
1147 2151 1197 2199 εν-

84 2364 258 2418 increbuisset
280 2365 361 2418 lenem
387 2367 415 2420 et
436 2365 593 2422 exorabilem
615 2364 793 2427 Ramosortum
818 2379 894 2429 esse,
916 2362 984 2419 aliae
1000 2369 1102 2419 tractas
1117 2363 1196 2418 istius
1236 2381 1258 2426 ’,

85 2449 160 2488 arces
177 2435 255 2488 facile
272 2435 467 2506 adducerentur¹
478 2436 511 2490 sd
528 2435 552 2488 si
570 2453 599 2490 aa
615 2436 754 2489 dedendas.
789 2453 822 2488 nc
838 2435 920 2504 igitur
936 2451 1079 2499 antecessus,
1098 2433 1196 2504 gloriae

83 2503 135 2557 sibi
157 2521 265 2574 magnae
283 2521 314 2557 ac
333 2506 453 2576 quaestui
471 2507 588 2571 futuros,
617 2505 798 2576 intempestivo
815 2505 948 2574 gratuitae
963 2505 1133 2558 immanitatis
1149 2519 1198 2574 op-

84 2571 190 2645 probrio
214 2583 404 2642 corrumperet,
427 2582 557 2646 tamqnam
576 2575 599 2628 ai
617 2576 744 2629 benevole
760 2575 936 2639 consulentes,
960 2575 1020 2626 dum
1038 2575 1132 2627 blande
1148 2575 1198 2627 ob·
1268 2635 1271 2642 Ι

83 2649 229 2708 sacrarent,
246 2643 288 2694 vix
306 2643 407 2696 tundam
425 2645 572 2715 eloquentia
589 2654 616 2697 et
632 2644 719 2714 gratis
735 2651 902 2698 exarmaruat
917 2644 1040 2696 ferociam
1056 2644 1115 2710 piri,
1135 2659 1198 2714 per-

84 2710 216 2765 suadendo
240 2711 291 2780 ipsi
314 2719 345 2764 at
367 2713 488 2783 spoliatis
504 2714 571 2767 orani
589 2715 698 2783 pecunie
716 2721 744 2766 et
760 2714 914 2784 supellectili
932 2711 1060 2766 dedititiis
1075 2713 1134 2766 vira
1150 2729 1196 2764 ao·
1227 2741 1229 2744 ·

85 2785 137 2832 tum
156 2787 183 2832 et
199 2781 280 2834 libera
298 2799 408 2852 corpora
425 2783 490 2836 salin

84 2849 316 2903 Rhaedestinorum
334 2867 436 2904 manare
453 2851 480 2905 in
491 2802 553 2905 ioco
571 2853 619 2904 sub
636 2853 742 2906 victoris
758 2859 889 2922 potestate
905 2851 973 2904 altro
991 2851 1124 2919 eiigarent,
1141 2850 1196 2903 illic

84 2927 114 2972 ut
130 2919 227 2971 subditi
247 2937 310 2972 curu
327 2919 495 2988 dignarentur
510 2922 544 2975 sii
564 2939 612 2984 aa,
639 2919 678 2974 sin
696 2921 764 2974 aliud
782 2923 901 2985 madent,
926 2920 1012 2973 statim
1035 2935 1196 2989 quocunqne

85 2988 187 3041 iuberet
203 2989 316 3056 migrare
333 2991 487 3044 sinerentur.
522 2939 581 3043 inde
606 2991 770 3044 Romaiortua
794 3007 887 3060 pransa
905 2990 938 3043 sd
955 2991 1076 3042 fortunam
1092 2989 1194 3041 obviarn

85 3059 200 3110 savorem
223 3059 336 3110 habenas
360 3058 463 3122 laxeris,
489 3060 688 3113 circumferebat
710 3060 850 3112 exercitum
874 3075 922 3129 per
939 3075 1013 3112 eroes
1031 3059 1143 3126 reliques
1160 3057 1196 3110 fr·-

86 3126 154 3178 nium
171 3126 288 3192 illorum,
308 3127 457 3196 subigendis
472 3129 505 3182 iia
522 3129 671 3194 imminens,
687 3130 713 3181 in
731 3147 783 3200 qno
800 3127 923 3181 tentando
940 3143 990 3181 non
1008 3128 1136 3180 inefficaci
1155 3127 1195 3180 uti

84 3210 167 3263 opero
190 3196 325 3248 serebatur
351 3198 464 3319 episcopi
489 3199 635 3263 cuiusdam,
657 3215 733 3270 quem
751 3197 967 3250 circumducebat.
1001 3197 1135 3251 Puniensis
1151 3196 1195 3249 iric

85 3272 160 3328 erat,
185 3265 218 3317 de
236 3281 286 3334 quo
304 3268 371 3318 sema
390 3274 491 3336 perata
508 3265 534 3320 in
551 3269 641 3320 urbem
659 3274 700 3321 art
718 3267 852 3336 cooperari
869 3283 930 3319 aum
953 3266 1068 3320 victoriis
1084 3265 1195 3319 Latino·

83 3349 157 3396 rum,
181 3335 311 3386 suadendo
336 3331 459 3388 Romanis
483 3336 539 3389 eins
561 3343 661 3390 tractus
686 3355 718 3390 na
739 3353 797 3391 sese
817 3343 845 3389 at
860 3352 926 3405 quas
943 3335 1103 3390 custodirent
1120 3351 1195 3388 eroes

79 3407 131 3455 vant
147 3403 225 3455 urbes
242 3404 390 3457 dubitarent
405 3406 439 3457 iis
455 3406 571 3460 trudere.
606 3407 632 3458 in
655 3423 705 3476 quo
733 3407 832 3475 cuipam
856 3406 992 3460 admittere
1015 3405 1107 3458 marito
1124 3404 1195 3456 visus

84 3479 127 3524 est
144 3471 318 3525 ecclesiastice
336 3474 557 3528 animadversione
574 3475 685 3544 dignam.
720 3493 780 3527 rens
796 3475 876 3541 igitur
893 3475 990 3528 citatur
1001 3473 1080 3526 iiteris
1092 3474 1125 3526 ed
1137 3489 1195 3526 enm
1269 3497 1273 3504 ·

83 3539 170 3592 missis
188 3542 367 3618 patriarchae,
394 3561 451 3596 cara
468 3544 677 3607 denuntiatione,
700 3545 750 3598 nisi
767 3545 935 3597 vadimonium
954 3543 1058 3596 sisteret
1072 3549 1100 3595 et
1116 3541 1197 3596 satis·

82 3609 199 3672 iaceret,
218 3613 317 3679 poenae
335 3613 489 3677 canonicae,
507 3613 609 3666 debitae
627 3614 736 3667 isontium
754 3613 917 3679 fautoribus,
932 3611 1111 3666 incurrendae.
1147 3611 1197 3663 hoc

83 3677 127 3730 itte
144 3680 277 3746 perculsus
294 3683 401 3747 nuntio,
424 3683 512 3735 doleas
530 3684 562 3734 ob
580 3683 709 3736 infamiam
728 3688 885 3736 contractam
902 3687 930 3734 et
947 3682 1063 3751 supplicii
1080 3681 1197 3747 gravitu-

84 3753 138 3799 tem
160 3746 285 3800 intentati
308 3757 439 3818 metuens,
463 3753 599 3806 occasione
623 3756 729 3824 arrepta
754 3753 822 3822 sugit
839 3769 855 3805 a
874 3751 967 3806 castris
983 3749 1144 3817 Romaiorti,
1167 3753 1196 3802 et

81 3815 243 3884 festinanter,
253 3818 432 3888 inperatorem
449 3821 520 3877 adiit.
746 3833 747 3837 ’

154 3887 198 3940 27.
234 3887 292 3941 Hoc
309 3895 379 3943 stata
397 3903 480 3943 rarum
498 3891 652 3962 imperator,
669 3891 720 3945 etsi
736 3890 918 3960 expectatione
933 3887 1101 3960 peregrinae,
1119 3903 1195 3957 quasa

82 3969 220 4008 accersere
241 3961 396 4040 patagebat,
423 3961 528 4013 miiitiae
551 3979 701 4044 puapensum
726 3961 839 4013 habebat
860 3960 986 4042 animum:
1012 3965 1097 4009 tannen
1115 3973 1148 4009 ex
1166 3971 1196 4008 se

82 4039 208 4147 {tntu
227 4043 251 4148 ⁸:
268 4026 1196 4152 utstatim?'tantini:instincti³tuti.

82 4161 152 4215 nium
171 4163 402 4232 λιπορτοοεοιοσι,
426 4174 512 4221 certas
529 4185 579 4222 non
595 4187 704 4239 parcere
725 4168 846 4237 impensis
869 4167 947 4219 etism
963 4165 1076 4234 magnis,
1101 4164 1124 4216 si
1141 4165 1194 4217 lar·

70 4231 224 4298 -gitionibus
241 4235 367 4304 pecuniae
384 4237 416 4290 sd
432 4238 505 4307 pacis
520 4237 558 4290 ilii
576 4238 682 4292 consilia
704 4237 803 4290 inflecti
820 4235 990 4290 cecinerant.
1024 4233 1091 4288 tales
1108 4238 1194 4289 mento

83 4300 254 4371 wgitstioms
273 4305 390 4377 Augusto
413 4313 548 4375 nutante,
573 4309 642 4364 forta
663 4307 760 4364 accidit
775 4305 863 4362 venna
879 4311 943 4362 tanc
958 4303 1067 4379 primurn
1085 4303 1119 4361 ad
1136 4304 1194 4359 Θο-

509 2791 591 2836 uerat.
626 2783 789 2852 impetratum
805 2785 911 2852 insuper
927 2787 956 2835 et
974 2781 1046 2847 iilud,
1064 2789 1093 2835 ut
1110 2781 1131 2834 si
1149 2781 1195 2849 qni
