2774 4784
173 311 250 385 τοι
422 255 424 260 ’
479 303 716 375 οοσιιονιτ.
739 297 977 370 νιοοιοοοο.
1054 267 1055 270 ‘

173 497 254 541 voce
264 471 356 536 lrodie
369 472 484 534 Gallica
496 483 591 533 trever
604 469 684 532 idem
701 468 838 544 valente,
858 489 950 551 qnam
964 475 1040 550 puto
1054 489 1071 528 e
1084 464 1218 528 Francia
1238 488 1298 528 oc·

175 563 296 624 cesione
314 579 469 620 caecarum
491 557 717 638 expeditionum
733 555 785 616 diu
800 555 865 616 illic
882 556 1007 618 vetrana
1022 553 1095 616 inde
1109 555 1246 614 relatum
1258 555 1294 614 in

198 647 315 708 etaiam
1078 663 1079 668 ’

175 669 197 732 p
260 742 498 827 σπλρνινρον
518 763 551 823 p·
571 740 634 809 646
656 746 732 806 νι7.
774 741 883 802 merito
903 741 1209 820 elevatlargitionem
1233 763 1289 803 aex

175 831 441 914 hyperpyrorum,
465 827 506 904 ei,
529 827 611 908 quod
630 847 669 886 ex
690 828 808 888 Graeco
823 827 945 887 homine
957 827 1017 886 lide
1033 828 1210 907 diguieaimo
1234 849 1288 888 au-

176 917 259 993 divi,
280 911 457 995 ainlpaeopoo
477 913 651 972 nummulus
676 920 720 972 eat
743 921 901 991 argenteus
916 924 1046 991 quatuor
1059 917 1163 992 asprie
1180 915 1287 992 aequi-

175 1003 291 1064 valena.
334 1001 402 1060 enni
423 1007 536 1073 antem,
557 1007 593 1056 ut
616 998 695 1056 idem
714 998 869 1074 tradebat,
891 1019 987 1078 aspra
999 1019 1061 1058 non
1076 1001 1144 1079 plna
1164 1000 1286 1077 singule

175 1089 297 1147 valeant
320 1101 375 1144 nex
397 1083 522 1146 minutia
545 1082 644 1142 aeneia
663 1083 728 1144 aive
752 1085 924 1162 quatrinie,
946 1093 981 1143 nt
999 1085 1091 1161 vulgo
1108 1083 1159 1142 hic
1172 1086 1285 1143 Itomae

175 1173 360 1252 loquuntur,
381 1187 509 1247 quorum
522 1168 742 1246 quinquaginta¹
752 1168 860 1227 lulium
870 1169 932 1227 aiva
946 1169 1099 1228 denarium
1112 1171 1284 1228 Romanum

174 1257 275 1338 pretio
294 1254 478 1331 udaequant,
498 1253 677 1330 intelligitur
698 1252 896 1333 hyperpyron
916 1254 1071 1332 quatrinoa
1085 1254 1192 1332 viginti
1205 1275 1284 1334 qua-

175 1351 249 1403 tuor
267 1339 418 1418 pendere,
439 1337 500 1397 laoc
519 1348 580 1414 eet,
602 1359 638 1397 ne
659 1339 837 1397 eemiiulinm
853 1338 973 1417 quidem
988 1339 1171 1415 Romanum,
1194 1360 1284 1418 quem

174 1427 321 1507 greaeum
342 1430 472 1497 vocant,
493 1423 698 1484 aestimatione
717 1423 853 1502 aaaeqni:
884 1443 953 1482 num
976 1424 1004 1483 ia
1026 1423 1128 1500 viginti
1149 1424 1285 1503 quinque

177 1509 335 1588 quatrinoa
359 1508 504 1568 continet.
545 1509 689 1568 usitatum
709 1517 740 1567 et
764 1508 832 1567 eliia
851 1507 1046 1588 scriptoribus
1064 1506 1124 1566 hoo
1151 1509 1286 1568 Graecae

176 1602 315 1655 monetae
334 1597 444 1652 nomen
464 1591 579 1652 dudum
599 1603 629 1652 te
654 1593 802 1653 Meuraiua
823 1593 974 1652 docuerit:
1005 1594 1058 1653 aed
1079 1604 1225 1672 quantum
1249 1614 1285 1653 ee

175 1680 296 1754 valent,
324 1675 349 1738 ai
378 1677 560 1737 credendum
583 1679 704 1738 duxeris
725 1679 810 1739 inre
833 1679 1016 1738 Graecorum
1036 1679 1192 1758 popularia
1211 1699 1286 1739 nsua

177 1761 296 1822 homini
309 1771 380 1821 nato
396 1761 585 1843 educetoqpe
602 1765 634 1823 in
654 1764 792 1837 Graecia,
813 1765 896 1823 unde
909 1784 964 1823 noa
978 1763 1147 1842 henaimua,
1171 1783 1210 1824 ex
1225 1764 1285 1824 hae

177 1857 281 1908 nostra
295 1846 460 1908 leatimonii
477 1848 541 1908 eiua
555 1849 750 1927 recitatione,
770 1849 881 1928 lector,
904 1849 1010 1910 diacea.
1278 1867 1279 1870 ’

265 1957 474 2047 φάμοοσος
495 1965 673 2047 ρ.245ι’.4.
715 1967 829 2027 dudum
841 1969 944 2027 notavi
957 1968 995 2026 ad
1007 1966 1059 2027 illa
1073 1965 1166 2028 verba
1181 1965 1286 2028 Annee

179 2052 350 2112 comnenae
374 2052 396 2111 l.
414 2057 453 2117 13
475 2052 629 2112 Alexiadls
645 2074 676 2132 p.
690 2055 767 2118 3772
789 2048 934 2134 φάμουσά
947 2077 1014 2116 τινα
1026 2048 1195 2134 γράφοντες
1207 2051 1284 2116 κατά

178 2133 245 2216 τὴν
257 2141 313 2200 τοῦ
336 2129 480 2218 βασιλέως
500 2127 639 2219 ἔρριπτον
660 2129 791 2217 σκηνήν,
814 2148 845 2198 et
865 2137 924 2198 hoe
938 2138 1062 2199 Latinae
1072 2139 1178 2220 stirpia
1192 2159 1285 2198 voce·

178 2218 286 2282 bulum
303 2220 486 2300 Byzantinae
501 2215 643 2282 Graeciae
655 2221 744 2281 luiaae
757 2221 879 2282 civitate
894 2223 1040 2284 donatum
1055 2217 1115 2284 iarn
1132 2245 1149 2283 a
1167 2234 1285 2304 tempo.

178 2306 264 2365 ribus
287 2304 387 2364 Alexii
410 2301 570 2383 Comneni;
591 2327 651 2385 quo
673 2307 771 2366 minua
793 2308 903 2368 mirum
922 2311 1006 2365 tanto
1027 2307 1228 2388 posteriorem
1252 2307 1286 2368 id

178 2389 240 2449 hoe
263 2385 332 2448 loco
356 2411 502 2470 uanrpere
522 2391 752 2471 Pachymerem,
783 2411 822 2450 ox
845 2391 959 2470 vulgari
981 2391 1047 2451 illie
1067 2394 1286 2453 conanetudine

178 2473 326 2553 loquendi
346 2475 458 2554 acripta
479 2475 624 2537 maledica
642 2483 781 2536 mutuato
803 2477 939 2537 abitalia
956 2471 1286 2559 nominepoipovcoet

178 2553 293 2642 νόμους
306 2558 371 2620 eive
383 2555 492 2643 λόγους
503 2552 684 2642 φαμοάσοος
698 2562 858 2622 dicentem.

266 2670 389 2760 φιάλη
411 2675 623 2760 ἐκκλησίας
643 2700 675 2760 p.
694 2685 737 2746 22
758 2701 789 2742 v.
809 2684 859 2747 11.
901 2672 1015 2760 φιάλη,
1034 2689 1070 2739 ιιι
1090 2680 1285 2740 doctiaaimue

179 2757 306 2822 lacobua
323 2763 404 2824 Goar
418 2764 454 2824 0.
471 2765 502 2825 P.
525 2765 697 2826 obaervavit
718 2765 800 2826 notia
820 2764 858 2824 ed
877 2761 1013 2841 dedanim
1036 2767 1092 2845 τῆς
1112 2766 1286 2846 ἶεροδιαιιο·

179 2848 249 2920 νίας
270 2869 301 2927 p.
314 2847 357 2914 26
375 2848 423 2908 eni
443 2849 638 2929 Euchologii‚
664 2851 733 2910 lone
751 2859 816 2912 erat
832 2850 865 2910 in
888 2850 1022 2910 eoelaaiie
1041 2851 1227 2911 Graecorum
1251 2851 1284 2914 iv

180 2924 263 3016 αάλῇ
282 2937 337 2994 τοῦ
357 2928 522 3016 νάρθηκος
536 2936 569 2996 in
589 2934 750 2995 subdivali
769 2957 844 2995 aren
858 2936 1027 3014 narthecia,
1049 2935 1174 2997 ultimae
1191 2938 1284 3017 partia

181 3015 263 3075 aedis
283 3037 397 3094 sacrae,
419 3040 509 3098 aquae
528 3020 657 3081 lundene
675 3021 745 3079 naui
760 3021 957 3081 edictionem
975 3021 1092 3092 ingredi
1110 3022 1284 3081 volentibua

75 3113 98 3167 Ρ
114 3111 168 3169 513
185 3097 312 3162 laturae.
349 3105 503 3183 colligitur
514 3115 613 3166 autem
626 3125 665 3166 ex
678 3105 853 3166 Baleamone
862 3107 901 3166 ad
911 3126 978 3166 cau·
991 3110 1032 3171 76
1045 3116 1146 3166 uentae
1157 3107 1284 3187 synodi,

180 3205 280 3262 ereum
294 3186 380 3246 etiam
396 3191 509 3268 ipsam,
533 3190 565 3250 in
580 3209 637 3270 qua
654 3190 722 3250 sone
736 3200 794 3268 eat,
815 3191 923 3251 naitata
937 3191 1080 3251 videlieet
1093 3191 1285 3270 ayuecdoehe

184 3265 302 3351 φιάλην
315 3270 435 3334 dietam.
477 3285 675 3335 connumeret
686 3275 766 3336 enim
780 3271 892 3354 φιάλας
906 3279 972 3350 τοῖς
980 3274 1090 3356 ἓιέροις
1104 3276 1208 3358 μέρεσι
1222 3281 1285 3339 ταῖν

182 3355 280 3419 θείων
295 3362 396 3434 ναοῖν,
413 3359 543 3439 platalea
565 3359 641 3418 aliia
654 3361 799 3439 partibus
816 3381 977 3420 sacrorum
991 3361 1188 3440 templorum,
1210 3381 1284 3441 quaa

183 3459 287 3500 omnaa
309 3451 474 3523 utcumque
494 3445 665 3506 enbdivelee
685 3444 996 3528 οοοιιοοοίπρονάαν
1009 3445 1130 3506 nomine
1144 3467 1285 3528 compre-

182 3523 277 3584 hendi
292 3543 330 3588 ex
341 3527 508 3608 probatiori
523 3530 626 3589 multia
644 3532 789 3590 contentia
801 3533 904 3592 tradit.
947 3539 993 3591 eat
1003 3531 1096 3609 igitur
1110 3525 1210 3612 φιάλη
1230 3535 1285 3612 τῆς

183 3607 344 3689 ἐκκλησίας
360 3613 408 3674 vel
426 3614 494 3674 lona
514 3623 583 3674 ante
596 3616 676 3676 lorea
690 3617 772 3678 aedis
783 3636 889 3676 acerne
901 3615 1037 3696 ponitus,
1058 3616 1107 3676 vel
1122 3635 1192 3676 crea
1206 3635 1285 3696 qno-

184 3713 244 3772 que
259 3695 324 3774 ipae
341 3697 448 3778 templi
464 3698 549 3760 oetiia
566 3709 737 3780 praetenta,
758 3702 791 3761 in
809 3723 867 3781 qua
888 3701 944 3761 nub
957 3700 1029 3760 divo
1042 3699 1074 3759 in
1088 3699 1204 3762 concha
1217 3703 1285 3762 ione

183 3779 299 3839 tubulis
322 3779 431 3842 ductae
456 3804 547 3863 equae
563 3785 701 3846 aelientea
716 3796 840 3851 mactet.
884 3786 1015 3846 imitator
1030 3794 1061 3845 at
1073 3784 1158 3846 hunc
1170 3805 1286 3847 morem

182 3863 306 3924 Latinoa
320 3864 504 3928 demonatrat
513 3871 629 3930 Paulini
642 3870 728 3931 loona
740 3872 883 3952 epist-88
897 3875 930 3930 in
946 3871 1110 3946 venitote,
1133 3873 1286 3951 inquiam,

182 3949 368 4010 cambarum
388 3956 533 4013 ηιίοιὲισνιι
549 3956 709 4032 mannae,
729 3968 757 4014 et
774 3957 880 4016 oribus
895 3959 1010 4016 metria
1014 3957 1139 4035 flamna
1153 3969 1286 4016 ructan-

183 4043 244 4093 tem
255 4034 451 4122 fastigium
465 4037 566 4102 eottdo
587 4061 655 4100 aare
677 4041 782 4108 tholae
805 4052 896 4101 ornat
909 4053 937 4100 et
952 4040 1128 4117 inumbrat,
1148 4063 1209 4101 non
1220 4046 1287 4102 aim

184 4121 316 4196 myctica
333 4125 430 4200 aperie
447 4137 583 4204 quatuor
604 4127 755 4186 columnis
773 4127 916 4186 aalimtee
935 4147 1036 4207 aquae
1056 4127 1206 4192 emblem.
1248 4128 1286 4188 de

184 4221 269 4262 more
283 4207 408 4286 antiquo
428 4209 549 4270 lavandi
563 4227 669 4272 menna
681 4220 766 4272 extra
780 4212 934 4273 eccleciam
949 4222 1018 4273 aute
1033 4209 1200 4291 ingreaeum
1214 4211 1287 4274 vide

184 4286 341 4367 epiatolam
353 4293 385 4354 S.
400 4293 461 4353 Nili
474 4294 517 4362 24
531 4295 553 4356 l.
569 4301 586 4362 1
602 4297 649 4358 ed.
661 4290 748 4362 Rom.
762 4299 844 4388 typis
854 4297 1025 4359 Barbetiuie
1039 4317 1071 4377 p.
1086 4300 1117 4363 9.
1199 4305 1203 4314 '

169 4539 174 4548 ,

107 4627 255 4762 j]
